{"id":"gen9vgc2024regh-2254178860","format":"[Gen 9] VGC 2024 Reg H","players":["Nerd159","anton19"],"log":"|j|\u2606Nerd159\n|j|\u2606anton19\n|t:|1733000987\n|gametype|doubles\n|player|p1|Nerd159|169|1765\n|player|p2|anton19|169|1689\n|teamsize|p1|6\n|teamsize|p2|6\n|gen|9\n|tier|[Gen 9] VGC 2024 Reg H\n|rated|\n|rule|Species Clause: Limit one of each Pok\u00e9mon\n|rule|Item Clause: Limit 1 of each item\n|clearpoke\n|poke|p1|Charizard, L50, F|\n|poke|p1|Indeedee-F, L50, F|\n|poke|p1|Kommo-o, L50, M|\n|poke|p1|Sinistcha, L50|\n|poke|p1|Gholdengo, L50|\n|poke|p1|Murkrow, L50, M|\n|poke|p2|Electabuzz, L50, M|\n|poke|p2|Kingambit, L50, F|\n|poke|p2|Sneasler, L50, F|\n|poke|p2|Rillaboom, L50, M|\n|poke|p2|Dragonite, L50, M|\n|poke|p2|Ninetales-Alola, L50, F|\n|teampreview|4\n|inactive|Battle timer is ON: inactive players will automatically lose when time's up. (requested by anton19)\nanton19 has agreed to open team sheets.\n|inactive|Nerd159 has 60 seconds left.\n|inactive|anton19 has 60 seconds left.\n|\n|t:|1733001027\n|start\n|switch|p1a: Gholdengo|Gholdengo, L50|100\/100\n|switch|p1b: Kommo-o|Kommo-o, L50, M|100\/100\n|switch|p2a: Sneasler|Sneasler, L50, F|100\/100\n|switch|p2b: Dragonite|Dragonite, L50, M|100\/100\n|turn|1\n|\n|t:|1733001047\n|move|p1b: Kommo-o|Protect|p1b: Kommo-o\n|-singleturn|p1b: Kommo-o|Protect\n|move|p2a: Sneasler|Fake Out|p1b: Kommo-o\n|-activate|p1b: Kommo-o|move: Protect\n|move|p1a: Gholdengo|Make It Rain|p2b: Dragonite|[spread] p2a,p2b\n|-enditem|p2a: Sneasler|Focus Sash\n|-damage|p2a: Sneasler|1\/100\n|-damage|p2b: Dragonite|64\/100\n|-unboost|p1a: Gholdengo|spa|1\n|move|p2b: Dragonite|Scale Shot|p1a: Gholdengo\n|-resisted|p1a: Gholdengo\n|-damage|p1a: Gholdengo|93\/100\n|-resisted|p1a: Gholdengo\n|-damage|p1a: Gholdengo|86\/100\n|-resisted|p1a: Gholdengo\n|-damage|p1a: Gholdengo|79\/100\n|-resisted|p1a: Gholdengo\n|-damage|p1a: Gholdengo|70\/100\n|-hitcount|p1a: Gholdengo|4\n|-unboost|p2b: Dragonite|def|1\n|-boost|p2b: Dragonite|spe|1\n|\n|upkeep\n|turn|2\n|\n|t:|1733001072\n|switch|p1b: Sinistcha|Sinistcha, L50|100\/100\n|-heal|p1a: Gholdengo|95\/100|[from] ability: Hospitality|[of] p1b: Sinistcha\n|move|p2a: Sneasler|Coaching|p2b: Dragonite\n|-boost|p2b: Dragonite|atk|1\n|-boost|p2b: Dragonite|def|1\n|move|p2b: Dragonite|Stomping Tantrum|p1a: Gholdengo\n|-supereffective|p1a: Gholdengo\n|-damage|p1a: Gholdengo|6\/100\n|move|p1a: Gholdengo|Make It Rain|p2a: Sneasler|[spread] p2a,p2b\n|-damage|p2a: Sneasler|0 fnt\n|-damage|p2b: Dragonite|17\/100\n|-unboost|p1a: Gholdengo|spa|1\n|faint|p2a: Sneasler\n|\n|upkeep\n|\n|t:|1733001088\n|switch|p2a: Kingambit|Kingambit, L50, F|100\/100\n|turn|3\n|\n|t:|1733001101\n|-terastallize|p1b: Sinistcha|Dark\n|move|p2b: Dragonite|Protect|p2b: Dragonite\n|-singleturn|p2b: Dragonite|Protect\n|move|p1a: Gholdengo|Make It Rain|p2a: Kingambit|[spread] p2a\n|-activate|p2b: Dragonite|move: Protect\n|-resisted|p2a: Kingambit\n|-damage|p2a: Kingambit|81\/100\n|-unboost|p1a: Gholdengo|spa|1\n|move|p2a: Kingambit|Kowtow Cleave|p1b: Sinistcha\n|-resisted|p1b: Sinistcha\n|-damage|p1b: Sinistcha|74\/100\n|-damage|p2a: Kingambit|65\/100|[from] item: Rocky Helmet|[of] p1b: Sinistcha\n|move|p1b: Sinistcha|Trick Room|p1b: Sinistcha\n|-fieldstart|move: Trick Room|[of] p1b: Sinistcha\n|\n|upkeep\n|turn|4\n|\n|t:|1733001115\n|move|p2b: Dragonite|Extreme Speed|p1b: Sinistcha\n|-damage|p1b: Sinistcha|33\/100\n|-damage|p2b: Dragonite|0 fnt|[from] item: Rocky Helmet|[of] p1b: Sinistcha\n|faint|p2b: Dragonite\n|move|p2a: Kingambit|Swords Dance|p2a: Kingambit\n|-boost|p2a: Kingambit|atk|2\n|move|p1b: Sinistcha|Matcha Gotcha|p2a: Kingambit\n|-resisted|p2a: Kingambit\n|-damage|p2a: Kingambit|50\/100\n|-heal|p1b: Sinistcha|42\/100|[from] drain|[of] p2a: Kingambit\n|move|p1a: Gholdengo|Make It Rain|p2a: Kingambit\n|-resisted|p2a: Kingambit\n|-damage|p2a: Kingambit|30\/100\n|-unboost|p1a: Gholdengo|spa|1\n|\n|upkeep\n|\n|t:|1733001122\n|switch|p2b: Rillaboom|Rillaboom, L50, M|100\/100\n|-fieldstart|move: Grassy Terrain|[from] ability: Grassy Surge|[of] p2b: Rillaboom\n|turn|5\n|\n|t:|1733001137\n|move|p2a: Kingambit|Kowtow Cleave|p1a: Gholdengo\n|-supereffective|p1a: Gholdengo\n|-damage|p1a: Gholdengo|0 fnt\n|faint|p1a: Gholdengo\n|move|p1b: Sinistcha|Matcha Gotcha|p2a: Kingambit|[spread] p2a,p2b\n|-resisted|p2a: Kingambit\n|-resisted|p2b: Rillaboom\n|-crit|p2b: Rillaboom\n|-damage|p2a: Kingambit|15\/100\n|-heal|p1b: Sinistcha|51\/100|[from] drain|[of] p2a: Kingambit\n|-damage|p2b: Rillaboom|84\/100\n|-heal|p1b: Sinistcha|61\/100|[from] drain|[of] p2b: Rillaboom\n|move|p2b: Rillaboom|Wood Hammer|p1b: Sinistcha\n|-damage|p1b: Sinistcha|0 fnt\n|-damage|p2b: Rillaboom|67\/100|[from] item: Rocky Helmet|[of] p1b: Sinistcha\n|faint|p1b: Sinistcha\n|-damage|p2b: Rillaboom|50\/100|[from] Recoil\n|\n|-heal|p2a: Kingambit|20\/100|[from] Grassy Terrain\n|-heal|p2b: Rillaboom|55\/100|[from] Grassy Terrain\n|upkeep\n|\n|t:|1733001139\n|switch|p1b: Indeedee|Indeedee-F, L50, F|100\/100\n|switch|p1a: Kommo-o|Kommo-o, L50, M|100\/100\n|-fieldstart|move: Psychic Terrain|[from] ability: Psychic Surge|[of] p1b: Indeedee\n|-enditem|p1b: Indeedee|Psychic Seed\n|-boost|p1b: Indeedee|spd|1|[from] item: Psychic Seed\n|turn|6\n|\n|t:|1733001148\n|move|p2a: Kingambit|Protect|p2a: Kingambit\n|-singleturn|p2a: Kingambit|Protect\n|move|p1b: Indeedee|Protect|p1b: Indeedee\n|-singleturn|p1b: Indeedee|Protect\n|move|p1a: Kommo-o|Protect|p1a: Kommo-o\n|-singleturn|p1a: Kommo-o|Protect\n|move|p2b: Rillaboom|Wood Hammer|p1b: Indeedee\n|-activate|p1b: Indeedee|move: Protect\n|\n|upkeep\n|turn|7\n|\n|t:|1733001159\n|-terastallize|p2a: Kingambit|Dark\n|move|p1b: Indeedee|Follow Me|p1b: Indeedee\n|-singleturn|p1b: Indeedee|move: Follow Me\n|move|p2a: Kingambit|Kowtow Cleave|p1b: Indeedee\n|-supereffective|p1b: Indeedee\n|-damage|p1b: Indeedee|0 fnt\n|faint|p1b: Indeedee\n|move|p2b: Rillaboom|Wood Hammer|p1a: Kommo-o\n|-resisted|p1a: Kommo-o\n|-damage|p1a: Kommo-o|68\/100\n|-damage|p2b: Rillaboom|48\/100|[from] Recoil\n|move|p1a: Kommo-o|Clanging Scales|p2b: Rillaboom|[spread] p2a,p2b\n|-damage|p2a: Kingambit|0 fnt\n|-damage|p2b: Rillaboom|14\/100\n|faint|p2a: Kingambit\n|-unboost|p1a: Kommo-o|def|1\n|-enditem|p1a: Kommo-o|Throat Spray\n|-boost|p1a: Kommo-o|spa|1|[from] item: Throat Spray\n|\n|-fieldend|move: Trick Room\n|upkeep\n|turn|8\n|-message|anton19 forfeited.\n|\n|win|Nerd159\n|raw|Nerd159's rating: 1765 &rarr; <strong>1781<\/strong><br \/>(+16 for winning)\n|raw|anton19's rating: 1689 &rarr; <strong>1673<\/strong><br \/>(-16 for losing)\n|l|\u2606anton19\n|player|p2|\n|l|\u2606Nerd159\n|player|p1|\n","uploadtime":1733001326,"views":7,"formatid":"gen9vgc2024regh","rating":1673,"private":0,"password":null}