{"id":"gen9vgc2024regh-2254640392","format":"[Gen 9] VGC 2024 Reg H","players":["SupaJello","dinglustan"],"log":"|j|\u2606SupaJello\n|j|\u2606dinglustan\n|t:|1733073988\n|gametype|doubles\n|player|p1|SupaJello|hilbert|1673\n|player|p2|dinglustan|266|1787\n|teamsize|p1|6\n|teamsize|p2|6\n|gen|9\n|tier|[Gen 9] VGC 2024 Reg H\n|rated|\n|rule|Species Clause: Limit one of each Pok\u00e9mon\n|rule|Item Clause: Limit 1 of each item\n|clearpoke\n|poke|p1|Primeape, L50, F|\n|poke|p1|Smeargle, L50, F|\n|poke|p1|Archaludon, L50, F|\n|poke|p1|Rillaboom, L50, F|\n|poke|p1|Sneasler, L50, M|\n|poke|p1|Basculegion, L50, M|\n|poke|p2|Whimsicott, L50, M|\n|poke|p2|Basculegion, L50, M|\n|poke|p2|Arcanine-Hisui, L50, M|\n|poke|p2|Hydreigon, L50, F|\n|poke|p2|Farigiraf, L50, M|\n|poke|p2|Pawmot, L50, F|\n|teampreview|4\n|inactive|Battle timer is ON: inactive players will automatically lose when time's up. (requested by dinglustan)\n|inactive|SupaJello also wants the timer to be on.\n|\n|t:|1733074005\n|start\n|switch|p1a: Primeape|Primeape, L50, F|100\/100\n|switch|p1b: Smeargle|Smeargle, L50, F|100\/100\n|switch|p2a: Whimsicott|Whimsicott, L50, M|100\/100\n|switch|p2b: Pawmot|Pawmot, L50, F|100\/100\n|turn|1\n|\n|t:|1733074019\n|-terastallize|p2b: Pawmot|Electric\n|-terastallize|p1a: Primeape|Ghost\n|move|p2a: Whimsicott|Tailwind|p2a: Whimsicott\n|-sidestart|p2: dinglustan|move: Tailwind\n|move|p2b: Pawmot|Double Shock|p1a: Primeape\n|-damage|p1a: Primeape|10\/100\n|-start|p2b: Pawmot|typechange|Electric|[from] move: Double Shock\n|move|p1b: Smeargle|Surging Strikes|p1a: Primeape\n|-crit|p1a: Primeape\n|-damage|p1a: Primeape|7\/100\n|-setboost|p1a: Primeape|atk|6|[from] ability: Anger Point\n|-crit|p1a: Primeape\n|-damage|p1a: Primeape|3\/100\n|-crit|p1a: Primeape\n|-damage|p1a: Primeape|0 fnt\n|faint|p1a: Primeape\n|-hitcount|p1: Primeape|3\n|\n|upkeep\n|\n|t:|1733074028\n|switch|p1a: Rillaboom|Rillaboom, L50, F|100\/100\n|-fieldstart|move: Grassy Terrain|[from] ability: Grassy Surge|[of] p1a: Rillaboom\n|turn|2\n|\n|t:|1733074041\n|switch|p2b: Farigiraf|Farigiraf, L50, M|100\/100\n|switch|p1b: Archaludon|Archaludon, L50, F|100\/100\n|move|p2a: Whimsicott|Encore||[still]\n|-fail|p2a: Whimsicott\n|move|p1a: Rillaboom|Bullet Seed|p1b: Archaludon\n|-resisted|p1b: Archaludon\n|-damage|p1b: Archaludon|98\/100\n|-ability|p1b: Archaludon|Stamina|boost\n|-boost|p1b: Archaludon|def|1\n|-resisted|p1b: Archaludon\n|-crit|p1b: Archaludon\n|-damage|p1b: Archaludon|93\/100\n|-ability|p1b: Archaludon|Stamina|boost\n|-boost|p1b: Archaludon|def|1\n|-resisted|p1b: Archaludon\n|-damage|p1b: Archaludon|92\/100\n|-ability|p1b: Archaludon|Stamina|boost\n|-boost|p1b: Archaludon|def|1\n|-resisted|p1b: Archaludon\n|-damage|p1b: Archaludon|90\/100\n|-ability|p1b: Archaludon|Stamina|boost\n|-boost|p1b: Archaludon|def|1\n|-resisted|p1b: Archaludon\n|-damage|p1b: Archaludon|89\/100\n|-ability|p1b: Archaludon|Stamina|boost\n|-boost|p1b: Archaludon|def|1\n|-hitcount|p1b: Archaludon|5\n|\n|-heal|p1b: Archaludon|95\/100|[from] Grassy Terrain\n|upkeep\n|turn|3\n|\n|t:|1733074058\n|move|p2b: Farigiraf|Protect|p2b: Farigiraf\n|-singleturn|p2b: Farigiraf|Protect\n|move|p2a: Whimsicott|Moonblast|p1b: Archaludon\n|-damage|p1b: Archaludon|72\/100\n|-ability|p1b: Archaludon|Stamina|boost\n|-boost|p1b: Archaludon|def|1\n|move|p1b: Archaludon|Body Press|p2b: Farigiraf\n|-activate|p2b: Farigiraf|move: Protect\n|move|p1a: Rillaboom|U-turn|p2a: Whimsicott\n|-damage|p2a: Whimsicott|71\/100\n|\n|t:|1733074062\n|switch|p1a: Smeargle|Smeargle, L50, F|100\/100|[from] U-turn\n|\n|-heal|p2a: Whimsicott|77\/100|[from] Grassy Terrain\n|-heal|p1b: Archaludon|78\/100|[from] Grassy Terrain\n|upkeep\n|turn|4\n|\n|t:|1733074078\n|switch|p2b: Basculegion|Basculegion, L50, M|100\/100\n|switch|p1a: Rillaboom|Rillaboom, L50, F|100\/100\n|move|p2a: Whimsicott|Giga Drain|p1a: Rillaboom\n|-resisted|p1a: Rillaboom\n|-damage|p1a: Rillaboom|83\/100\n|-heal|p2a: Whimsicott|87\/100|[from] drain|[of] p1a: Rillaboom\n|move|p1b: Archaludon|Body Press|p2b: Basculegion\n|-immune|p2b: Basculegion\n|\n|-heal|p2a: Whimsicott|93\/100|[from] Grassy Terrain\n|-heal|p1b: Archaludon|84\/100|[from] Grassy Terrain\n|-heal|p1a: Rillaboom|89\/100|[from] Grassy Terrain\n|-sideend|p2: dinglustan|move: Tailwind\n|upkeep\n|turn|5\n|inactive|dinglustan has 30 seconds left.\n|\n|t:|1733074105\n|switch|p2b: Farigiraf|Farigiraf, L50, M|100\/100\n|move|p2a: Whimsicott|Tailwind|p2a: Whimsicott\n|-sidestart|p2: dinglustan|move: Tailwind\n|move|p1b: Archaludon|Flash Cannon|p2a: Whimsicott\n|-supereffective|p2a: Whimsicott\n|-damage|p2a: Whimsicott|16\/100\n|move|p1a: Rillaboom|Bullet Seed|p2b: Farigiraf\n|-damage|p2b: Farigiraf|80\/100\n|-damage|p2b: Farigiraf|58\/100\n|-damage|p2b: Farigiraf|37\/100\n|-damage|p2b: Farigiraf|16\/100\n|-hitcount|p2b: Farigiraf|4\n|\n|-heal|p2a: Whimsicott|22\/100|[from] Grassy Terrain\n|-heal|p2b: Farigiraf|23\/100|[from] Grassy Terrain\n|-heal|p1b: Archaludon|90\/100|[from] Grassy Terrain\n|-heal|p1a: Rillaboom|95\/100|[from] Grassy Terrain\n|upkeep\n|turn|6\n|\n|t:|1733074121\n|move|p2a: Whimsicott|Moonblast|p1b: Archaludon\n|-damage|p1b: Archaludon|68\/100\n|move|p2b: Farigiraf|Hyper Voice|p1b: Archaludon|[spread] p1a,p1b\n|-resisted|p1b: Archaludon\n|-damage|p1a: Rillaboom|55\/100\n|-damage|p1b: Archaludon|52\/100\n|-enditem|p2b: Farigiraf|Throat Spray\n|-boost|p2b: Farigiraf|spa|1|[from] item: Throat Spray\n|move|p1b: Archaludon|Flash Cannon|p2b: Farigiraf\n|-damage|p2b: Farigiraf|0 fnt\n|faint|p2b: Farigiraf\n|move|p1a: Rillaboom|U-turn|p2a: Whimsicott\n|-damage|p2a: Whimsicott|0 fnt\n|faint|p2a: Whimsicott\n|\n|t:|1733074123\n|switch|p1a: Smeargle|Smeargle, L50, F|100\/100|[from] U-turn\n|\n|-heal|p1b: Archaludon|58\/100|[from] Grassy Terrain\n|-fieldend|move: Grassy Terrain\n|upkeep\n|\n|t:|1733074126\n|switch|p2a: Basculegion|Basculegion, L50, M|100\/100\n|switch|p2b: Pawmot|Pawmot, L50, F, tera:Electric|100\/100\n|turn|7\n|\n|t:|1733074133\n|move|p1a: Smeargle|Fake Out|p2b: Pawmot\n|-damage|p2b: Pawmot|92\/100\n|cant|p2b: Pawmot|flinch\n|move|p2a: Basculegion|Wave Crash|p1a: Smeargle\n|-enditem|p1a: Smeargle|Focus Sash\n|-damage|p1a: Smeargle|1\/100\n|-damage|p2a: Basculegion|75\/100|[from] Recoil\n|move|p1b: Archaludon|Body Press|p2b: Pawmot\n|-damage|p2b: Pawmot|0 fnt\n|faint|p2b: Pawmot\n|\n|upkeep\n|turn|8\n|-message|dinglustan forfeited.\n|\n|win|SupaJello\n|raw|SupaJello's rating: 1673 &rarr; <strong>1699<\/strong><br \/>(+26 for winning)\n|raw|dinglustan's rating: 1787 &rarr; <strong>1761<\/strong><br \/>(-26 for losing)\n|l|\u2606dinglustan\n|player|p2|\n|l|\u2606SupaJello\n|player|p1|\n","uploadtime":1733074373,"views":10,"formatid":"gen9vgc2024regh","rating":1699,"private":0,"password":null}