{"id":"gen9vgc2024regh-2254273416","format":"[Gen 9] VGC 2024 Reg H","players":["anton19","iSpinoThing"],"log":"|j|\u2606anton19\n|j|\u2606iSpinoThing\n|t:|1733013041\n|gametype|doubles\n|player|p1|anton19|169|1733\n|player|p2|iSpinoThing|n|1667\n|teamsize|p1|6\n|teamsize|p2|6\n|gen|9\n|tier|[Gen 9] VGC 2024 Reg H\n|rated|\n|rule|Species Clause: Limit one of each Pok\u00e9mon\n|rule|Item Clause: Limit 1 of each item\n|clearpoke\n|poke|p1|Electabuzz, L50, F|\n|poke|p1|Kingambit, L50, F|\n|poke|p1|Sneasler, L50, M|\n|poke|p1|Rillaboom, L50, M|\n|poke|p1|Primarina, L50, M|\n|poke|p1|Dragonite, L50, F|\n|poke|p2|Amoonguss, L50, M|\n|poke|p2|Incineroar, L50, F|\n|poke|p2|Kingambit, L50, F|\n|poke|p2|Ninetales-Alola, L50, F|\n|poke|p2|Garchomp, L50, M|\n|poke|p2|Dragonite, L50, M|\n|teampreview|4\n|inactive|Battle timer is ON: inactive players will automatically lose when time's up. (requested by anton19)\nanton19 has agreed to open team sheets.\n|inactive|anton19 has 60 seconds left.\n|inactive|iSpinoThing has 60 seconds left.\n|j| Oscar Norris\n|inactive|iSpinoThing has 30 seconds left.\n|\n|t:|1733013103\n|start\n|switch|p1a: Sneasler|Sneasler, L50, M|100\/100\n|switch|p1b: Kingambit|Kingambit, L50, F|100\/100\n|switch|p2a: Garchomp|Garchomp, L50, M|100\/100\n|switch|p2b: Dragonite|Dragonite, L50, M|100\/100\n|turn|1\n|\n|t:|1733013120\n|move|p1a: Sneasler|Fake Out|p2b: Dragonite\n|-crit|p2b: Dragonite\n|-damage|p2b: Dragonite|91\/100\n|move|p2a: Garchomp|Earthquake|p1b: Kingambit|[spread] p1a,p1b\n|-immune|p2b: Dragonite\n|-supereffective|p1a: Sneasler\n|-supereffective|p1b: Kingambit\n|-enditem|p1a: Sneasler|Focus Sash\n|-damage|p1a: Sneasler|1\/100\n|-damage|p1b: Kingambit|13\/100\n|cant|p2b: Dragonite|flinch\n|move|p1b: Kingambit|Swords Dance|p1b: Kingambit\n|-boost|p1b: Kingambit|atk|2\n|\n|upkeep\n|turn|2\n|inactive|anton19 has 30 seconds left.\n|inactive|iSpinoThing has 30 seconds left.\n|\n|t:|1733013153\n|switch|p2a: Incineroar|Incineroar, L50, F|100\/100\n|-ability|p2a: Incineroar|Intimidate|boost\n|-unboost|p1a: Sneasler|atk|1\n|-unboost|p1b: Kingambit|atk|1\n|-ability|p1b: Kingambit|Defiant|boost\n|-boost|p1b: Kingambit|atk|2\n|move|p1b: Kingambit|Protect|p1b: Kingambit\n|-singleturn|p1b: Kingambit|Protect\n|move|p2b: Dragonite|Extreme Speed|p1b: Kingambit\n|-activate|p1b: Kingambit|move: Protect\n|move|p1a: Sneasler|Coaching|p1b: Kingambit\n|-boost|p1b: Kingambit|atk|1\n|-boost|p1b: Kingambit|def|1\n|\n|upkeep\n|turn|3\n|inactive|iSpinoThing has 30 seconds left.\n|\n|t:|1733013186\n|move|p1b: Kingambit|Protect|p1b: Kingambit\n|-singleturn|p1b: Kingambit|Protect\n|move|p2a: Incineroar|Fake Out|p1b: Kingambit\n|-activate|p1b: Kingambit|move: Protect\n|move|p2b: Dragonite|Extreme Speed|p1b: Kingambit\n|-activate|p1b: Kingambit|move: Protect\n|move|p1a: Sneasler|Close Combat|p2a: Incineroar\n|-supereffective|p2a: Incineroar\n|-damage|p2a: Incineroar|18\/100\n|-unboost|p1a: Sneasler|def|1\n|-unboost|p1a: Sneasler|spd|1\n|-damage|p1a: Sneasler|0 fnt|[from] item: Rocky Helmet|[of] p2a: Incineroar\n|faint|p1a: Sneasler\n|\n|upkeep\n|\n|t:|1733013200\n|switch|p1a: Electabuzz|Electabuzz, L50, F|100\/100\n|turn|4\n|inactive|iSpinoThing has 30 seconds left.\n|\n|t:|1733013229\n|move|p1a: Electabuzz|Follow Me|p1a: Electabuzz\n|-singleturn|p1a: Electabuzz|move: Follow Me\n|move|p2b: Dragonite|Extreme Speed|p1a: Electabuzz\n|-damage|p1a: Electabuzz|78\/100\n|move|p2a: Incineroar|Flare Blitz|p1a: Electabuzz\n|-damage|p1a: Electabuzz|39\/100\n|-damage|p2a: Incineroar|8\/100|[from] Recoil\n|move|p1b: Kingambit|Kowtow Cleave|p2b: Dragonite\n|-crit|p2b: Dragonite\n|-damage|p2b: Dragonite|0 fnt\n|faint|p2b: Dragonite\n|\n|upkeep\n|\n|t:|1733013244\n|switch|p2b: Ninetales|Ninetales-Alola, L50, F, shiny|100\/100\n|-weather|Snow|[from] ability: Snow Warning|[of] p2b: Ninetales\n|turn|5\n|l| Oscar Norris\n|\n|t:|1733013253\n|switch|p2a: Garchomp|Garchomp, L50, M|100\/100\n|move|p1b: Kingambit|Protect|p1b: Kingambit\n|-singleturn|p1b: Kingambit|Protect\n|move|p2b: Ninetales|Blizzard|p1b: Kingambit|[spread] p1a\n|-activate|p1b: Kingambit|move: Protect\n|-damage|p1a: Electabuzz|13\/100\n|move|p1a: Electabuzz|Electroweb|p2b: Ninetales|[spread] p2b\n|-immune|p2a: Garchomp\n|-damage|p2b: Ninetales|85\/100\n|-unboost|p2b: Ninetales|spe|1\n|\n|-weather|Snow|[upkeep]\n|upkeep\n|turn|6\n|inactive|iSpinoThing has 30 seconds left.\n|\n|t:|1733013288\n|move|p1b: Kingambit|Sucker Punch|p2b: Ninetales\n|-resisted|p2b: Ninetales\n|-damage|p2b: Ninetales|26\/100\n|move|p2a: Garchomp|Stomping Tantrum|p1b: Kingambit\n|-supereffective|p1b: Kingambit\n|-damage|p1b: Kingambit|0 fnt\n|faint|p1b: Kingambit\n|move|p1a: Electabuzz|Electroweb|p2b: Ninetales|[spread] p2b\n|-immune|p2a: Garchomp\n|-damage|p2b: Ninetales|9\/100\n|-unboost|p2b: Ninetales|spe|1\n|move|p2b: Ninetales|Blizzard|p1a: Electabuzz\n|-damage|p1a: Electabuzz|0 fnt\n|faint|p1a: Electabuzz\n|\n|-weather|Snow|[upkeep]\n|upkeep\n|-message|anton19 forfeited.\n|\n|win|iSpinoThing\n|raw|anton19's rating: 1733 &rarr; <strong>1709<\/strong><br \/>(-24 for losing)\n|raw|iSpinoThing's rating: 1667 &rarr; <strong>1691<\/strong><br \/>(+24 for winning)\n|l|\u2606anton19\n|player|p1|\n|l|\u2606iSpinoThing\n|player|p2|\n","uploadtime":1733013547,"views":12,"formatid":"gen9vgc2024regh","rating":1691,"private":0,"password":null}