{"id":"gen9vgc2024regh-2254336207","format":"[Gen 9] VGC 2024 Reg H","players":["magnusmagnum","ren122333"],"log":"|j|\u2606magnusmagnum\n|j|\u2606ren122333\n|t:|1733021559\n|gametype|doubles\n|player|p1|magnusmagnum|1|1738\n|player|p2|ren122333|hilbert|1821\n|teamsize|p1|6\n|teamsize|p2|6\n|gen|9\n|tier|[Gen 9] VGC 2024 Reg H\n|rated|\n|rule|Species Clause: Limit one of each Pok\u00e9mon\n|rule|Item Clause: Limit 1 of each item\n|clearpoke\n|poke|p1|Sneasler, L50, M|\n|poke|p1|Chandelure, L50, F|\n|poke|p1|Ursaluna-Bloodmoon, L50, M|\n|poke|p1|Garchomp, L50, F|\n|poke|p1|Rillaboom, L50, M|\n|poke|p1|Gholdengo, L50|\n|poke|p2|Whimsicott, L50, M|\n|poke|p2|Mamoswine, L50, M|\n|poke|p2|Lycanroc-Dusk, L50, F|\n|poke|p2|Typhlosion-Hisui, L50, F|\n|poke|p2|Farigiraf, L50, F|\n|poke|p2|Mienshao, L50, F|\n|teampreview|4\n|inactive|Battle timer is ON: inactive players will automatically lose when time's up. (requested by ren122333)\n|inactive|magnusmagnum has 60 seconds left.\n|\n|t:|1733021604\n|start\n|switch|p1a: Chandelure|Chandelure, L50, F|100\/100\n|switch|p1b: Sneasler|Sneasler, L50, M|100\/100\n|switch|p2a: Whimsicott|Whimsicott, L50, M|100\/100\n|switch|p2b: Mienshao|Mienshao, L50, F|100\/100\n|turn|1\n|\n|t:|1733021620\n|-terastallize|p2b: Mienshao|Dark\n|move|p1b: Sneasler|Fake Out|p2b: Mienshao\n|-damage|p2b: Mienshao|76\/100\n|-status|p2b: Mienshao|psn|[from] ability: Poison Touch|[of] p1b: Sneasler\n|move|p2a: Whimsicott|Tailwind|p2a: Whimsicott\n|-sidestart|p2: ren122333|move: Tailwind\n|move|p2b: Mienshao|Knock Off|p1a: Chandelure\n|-supereffective|p1a: Chandelure\n|-damage|p1a: Chandelure|0 fnt\n|-enditem|p1a: Chandelure|Safety Goggles|[from] move: Knock Off|[of] p2b: Mienshao\n|faint|p1a: Chandelure\n|-damage|p2b: Mienshao|66\/100 psn|[from] item: Life Orb\n|\n|-damage|p2b: Mienshao|54\/100 psn|[from] psn\n|upkeep\n|\n|t:|1733021635\n|switch|p1a: Ursaluna|Ursaluna-Bloodmoon, L50, M|100\/100\n|turn|2\n|\n|t:|1733021642\n|switch|p1b: Garchomp|Garchomp, L50, F|100\/100\n|-terastallize|p1a: Ursaluna|Ghost\n|move|p2a: Whimsicott|Encore||[still]\n|-fail|p2a: Whimsicott\n|move|p2b: Mienshao|Close Combat|p1a: Ursaluna\n|-immune|p1a: Ursaluna\n|move|p1a: Ursaluna|Hyper Voice|p2a: Whimsicott|[spread] p2a,p2b\n|-damage|p2a: Whimsicott|38\/100\n|-damage|p2b: Mienshao|0 fnt\n|faint|p2b: Mienshao\n|\n|upkeep\n|j| Alkagen101\n|\n|t:|1733021649\n|switch|p2b: Typhlosion|Typhlosion-Hisui, L50, F|100\/100\n|-item|p1a: Ursaluna|Assault Vest|[from] ability: Frisk|[of] p2b: Typhlosion\n|-item|p1b: Garchomp|Choice Scarf|[from] ability: Frisk|[of] p2b: Typhlosion\n|turn|3\n|\n|t:|1733021672\n|move|p2a: Whimsicott|Moonblast|p1b: Garchomp\n|-supereffective|p1b: Garchomp\n|-damage|p1b: Garchomp|24\/100\n|-unboost|p1b: Garchomp|spa|1\n|move|p2b: Typhlosion|Eruption|p1b: Garchomp|[spread] p1a,p1b\n|-resisted|p1b: Garchomp\n|-damage|p1a: Ursaluna|31\/100\n|-damage|p1b: Garchomp|0 fnt\n|faint|p1b: Garchomp\n|move|p1a: Ursaluna|Earth Power|p2b: Typhlosion\n|-supereffective|p2b: Typhlosion\n|-damage|p2b: Typhlosion|0 fnt\n|faint|p2b: Typhlosion\n|\n|upkeep\n|\n|t:|1733021680\n|switch|p2b: Mamoswine|Mamoswine, L50, M|100\/100\n|switch|p1b: Sneasler|Sneasler, L50, M|100\/100\n|turn|4\n|\n|t:|1733021688\n|move|p1b: Sneasler|Fake Out|p2b: Mamoswine\n|-damage|p2b: Mamoswine|84\/100\n|-status|p2b: Mamoswine|psn|[from] ability: Poison Touch|[of] p1b: Sneasler\n|move|p2a: Whimsicott|Moonblast|p1a: Ursaluna\n|-damage|p1a: Ursaluna|3\/100\n|cant|p2b: Mamoswine|flinch\n|move|p1a: Ursaluna|Hyper Voice|p2b: Mamoswine|[spread] p2a,p2b\n|-crit|p2a: Whimsicott\n|-damage|p2a: Whimsicott|0 fnt\n|-damage|p2b: Mamoswine|34\/100 psn\n|faint|p2a: Whimsicott\n|\n|-damage|p2b: Mamoswine|22\/100 psn|[from] psn\n|-sideend|p2: ren122333|move: Tailwind\n|upkeep\n|turn|5\n|-message|ren122333 forfeited.\n|\n|win|magnusmagnum\n|raw|magnusmagnum's rating: 1738 &rarr; <strong>1763<\/strong><br \/>(+25 for winning)\n|raw|ren122333's rating: 1821 &rarr; <strong>1796<\/strong><br \/>(-25 for losing)\n|l|\u2606ren122333\n|player|p2|\n|l|\u2606magnusmagnum\n|player|p1|\n","uploadtime":1733021945,"views":11,"formatid":"gen9vgc2024regh","rating":1763,"private":0,"password":null}