{"id":"gen9vgc2024regh-2254548059","format":"[Gen 9] VGC 2024 Reg H","players":["FenieVGC","pokequimico"],"log":"|j|\u2606FenieVGC\n|j|\u2606pokequimico\n|t:|1733060857\n|gametype|doubles\n|player|p1|FenieVGC|2|1708\n|player|p2|pokequimico|lucas|1786\n|teamsize|p1|6\n|teamsize|p2|6\n|gen|9\n|tier|[Gen 9] VGC 2024 Reg H\n|rated|\n|rule|Species Clause: Limit one of each Pok\u00e9mon\n|rule|Item Clause: Limit 1 of each item\n|clearpoke\n|poke|p1|Tyranitar, L50, M|\n|poke|p1|Corviknight, L50, M|\n|poke|p1|Kommo-o, L50, M|\n|poke|p1|Annihilape, L50, F|\n|poke|p1|Excadrill, L50, F|\n|poke|p1|Rillaboom, L50, M|\n|poke|p2|Sneasler, L50, M|\n|poke|p2|Kingambit, L50, M|\n|poke|p2|Dragonite, L50, M|\n|poke|p2|Basculegion, L50, M|\n|poke|p2|Rillaboom, L50, F|\n|poke|p2|Volcarona, L50, F|\n|teampreview|4\n|inactive|Battle timer is ON: inactive players will automatically lose when time's up. (requested by FenieVGC)\n|j| GooglePay\n|inactive|FenieVGC has 60 seconds left.\n|inactive|pokequimico has 60 seconds left.\n|inactive|pokequimico has 30 seconds left.\n|inactive|pokequimico has 20 seconds left.\n|\n|t:|1733060931\n|start\n|switch|p1a: Excadrill|Excadrill, L50, F|100\/100\n|switch|p1b: Tyranitar|Tyranitar, L50, M|100\/100\n|switch|p2a: Sneasler|Sneasler, L50, M|100\/100\n|switch|p2b: Basculegion|Basculegion, L50, M|100\/100\n|-weather|Sandstorm|[from] ability: Sand Stream|[of] p1b: Tyranitar\n|turn|1\n|inactive|FenieVGC has 30 seconds left.\n|inactive|pokequimico has 30 seconds left.\n|inactive|FenieVGC has 20 seconds left.\n|inactive|FenieVGC has 15 seconds left.\n|inactive|FenieVGC has 10 seconds left.\n|\n|t:|1733060976\n|switch|p1b: Corviknight|Corviknight, L50, M|100\/100\n|move|p2a: Sneasler|Fake Out|p1a: Excadrill\n|-resisted|p1a: Excadrill\n|-damage|p1a: Excadrill|91\/100\n|cant|p1a: Excadrill|flinch\n|move|p2b: Basculegion|Flip Turn|p1a: Excadrill\n|-supereffective|p1a: Excadrill\n|-damage|p1a: Excadrill|0 fnt\n|faint|p1a: Excadrill\n|\n|t:|1733060998\n|switch|p2b: Dragonite|Dragonite, L50, M|100\/100|[from] Flip Turn\n|\n|-weather|Sandstorm|[upkeep]\n|-damage|p2a: Sneasler|95\/100|[from] Sandstorm\n|-damage|p2b: Dragonite|95\/100|[from] Sandstorm\n|upkeep\n|\n|t:|1733061005\n|switch|p1a: Tyranitar|Tyranitar, L50, M|100\/100\n|turn|2\n|\n|t:|1733061016\n|-terastallize|p2a: Sneasler|Stellar\n|-terastallize|p1a: Tyranitar|Flying\n|move|p2a: Sneasler|Close Combat|p1b: Corviknight\n|-damage|p1b: Corviknight|25\/100\n|-unboost|p2a: Sneasler|def|1\n|-unboost|p2a: Sneasler|spd|1\n|-enditem|p1b: Corviknight|Sitrus Berry|[eat]\n|-heal|p1b: Corviknight|50\/100|[from] item: Sitrus Berry\n|move|p2b: Dragonite|Scale Shot|p1b: Corviknight\n|-resisted|p1b: Corviknight\n|-damage|p1b: Corviknight|44\/100\n|-resisted|p1b: Corviknight\n|-damage|p1b: Corviknight|37\/100\n|-resisted|p1b: Corviknight\n|-crit|p1b: Corviknight\n|-damage|p1b: Corviknight|28\/100\n|-resisted|p1b: Corviknight\n|-damage|p1b: Corviknight|23\/100\n|-resisted|p1b: Corviknight\n|-damage|p1b: Corviknight|17\/100\n|-hitcount|p1b: Corviknight|5\n|-unboost|p2b: Dragonite|def|1\n|-boost|p2b: Dragonite|spe|1\n|move|p1b: Corviknight|Tailwind|p1b: Corviknight\n|-sidestart|p1: FenieVGC|move: Tailwind\n|move|p1a: Tyranitar|Rock Slide|p2a: Sneasler|[spread] p2b\n|-miss|p1a: Tyranitar|p2a: Sneasler\n|-supereffective|p2b: Dragonite\n|-damage|p2b: Dragonite|6\/100\n|\n|-weather|Sandstorm|[upkeep]\n|-damage|p2b: Dragonite|0 fnt|[from] Sandstorm\n|-damage|p2a: Sneasler|89\/100|[from] Sandstorm\n|-damage|p1a: Tyranitar|95\/100|[from] Sandstorm\n|faint|p2b: Dragonite\n|upkeep\n|\n|t:|1733061026\n|switch|p2b: Basculegion|Basculegion, L50, M|100\/100\n|turn|3\n|inactive|FenieVGC has 30 seconds left.\n|\n|t:|1733061060\n|switch|p1b: Rillaboom|Rillaboom, L50, M|100\/100\n|-fieldstart|move: Grassy Terrain|[from] ability: Grassy Surge|[of] p1b: Rillaboom\n|move|p2b: Basculegion|Wave Crash|p1a: Tyranitar\n|-damage|p1a: Tyranitar|35\/100\n|-damage|p2b: Basculegion|79\/100|[from] Recoil\n|move|p2a: Sneasler|Dire Claw|p1a: Tyranitar\n|-damage|p1a: Tyranitar|0 fnt\n|faint|p1a: Tyranitar\n|\n|-weather|Sandstorm|[upkeep]\n|-damage|p1b: Rillaboom|94\/100|[from] Sandstorm\n|-damage|p2b: Basculegion|73\/100|[from] Sandstorm\n|-damage|p2a: Sneasler|83\/100|[from] Sandstorm\n|-heal|p1b: Rillaboom|100\/100|[from] Grassy Terrain\n|-heal|p2b: Basculegion|79\/100|[from] Grassy Terrain\n|-heal|p2a: Sneasler|89\/100|[from] Grassy Terrain\n|upkeep\n|\n|t:|1733061079\n|switch|p1a: Corviknight|Corviknight, L50, M|17\/100\n|turn|4\n|\n|t:|1733061098\n|move|p1b: Rillaboom|Grassy Glide|p2b: Basculegion\n|-supereffective|p2b: Basculegion\n|-damage|p2b: Basculegion|0 fnt\n|faint|p2b: Basculegion\n|move|p1a: Corviknight|Roost|p1a: Corviknight\n|-heal|p1a: Corviknight|67\/100\n|-singleturn|p1a: Corviknight|move: Roost\n|move|p2a: Sneasler|Dire Claw|p1b: Rillaboom\n|-supereffective|p1b: Rillaboom\n|-damage|p1b: Rillaboom|12\/100\n|\n|-weather|Sandstorm|[upkeep]\n|-damage|p1b: Rillaboom|6\/100|[from] Sandstorm\n|-damage|p2a: Sneasler|83\/100|[from] Sandstorm\n|-heal|p1b: Rillaboom|12\/100|[from] Grassy Terrain\n|-heal|p1a: Corviknight|73\/100|[from] Grassy Terrain\n|-heal|p2a: Sneasler|89\/100|[from] Grassy Terrain\n|upkeep\n|\n|t:|1733061101\n|switch|p2b: Kingambit|Kingambit, L50, M|100\/100\n|turn|5\n|inactive|FenieVGC has 30 seconds left.\n|inactive|pokequimico has 30 seconds left.\n|inactive|pokequimico has 20 seconds left.\n|l|\u2606pokequimico\n|inactive|pokequimico disconnected and has a minute to reconnect!\n|player|p2|\n|inactive|pokequimico has 15 seconds left.\n|j|\u2606pokequimico\n|inactive|pokequimico reconnected and has 15 seconds left.\n|player|p2|pokequimico|lucas|\n|\n|t:|1733061150\n|move|p2a: Sneasler|Protect|p2a: Sneasler\n|-singleturn|p2a: Sneasler|Protect\n|move|p2b: Kingambit|Protect|p2b: Kingambit\n|-singleturn|p2b: Kingambit|Protect\n|move|p1b: Rillaboom|Grassy Glide|p2b: Kingambit\n|-activate|p2b: Kingambit|move: Protect\n|move|p1a: Corviknight|Brave Bird|p2a: Sneasler\n|-activate|p2a: Sneasler|move: Protect\n|\n|-weather|none\n|-heal|p1b: Rillaboom|18\/100|[from] Grassy Terrain\n|-heal|p2a: Sneasler|95\/100|[from] Grassy Terrain\n|-sideend|p1: FenieVGC|move: Tailwind\n|upkeep\n|turn|6\n|\n|t:|1733061171\n|move|p2b: Kingambit|Sucker Punch|p1a: Corviknight\n|-damage|p1a: Corviknight|37\/100\n|move|p2a: Sneasler|Close Combat|p1a: Corviknight\n|-damage|p1a: Corviknight|0 fnt\n|-unboost|p2a: Sneasler|def|1\n|-unboost|p2a: Sneasler|spd|1\n|faint|p1a: Corviknight\n|move|p1b: Rillaboom|High Horsepower|p2b: Kingambit\n|-supereffective|p2b: Kingambit\n|-damage|p2b: Kingambit|51\/100\n|\n|-heal|p2a: Sneasler|100\/100|[from] Grassy Terrain\n|-heal|p1b: Rillaboom|24\/100|[from] Grassy Terrain\n|-heal|p2b: Kingambit|57\/100|[from] Grassy Terrain\n|upkeep\n|turn|7\n|\n|t:|1733061187\n|move|p2a: Sneasler|Protect|p2a: Sneasler\n|-singleturn|p2a: Sneasler|Protect\n|move|p2b: Kingambit|Protect|p2b: Kingambit\n|-singleturn|p2b: Kingambit|Protect\n|move|p1b: Rillaboom|High Horsepower|p2a: Sneasler\n|-activate|p2a: Sneasler|move: Protect\n|\n|-heal|p1b: Rillaboom|31\/100|[from] Grassy Terrain\n|-heal|p2b: Kingambit|63\/100|[from] Grassy Terrain\n|-fieldend|move: Grassy Terrain\n|upkeep\n|turn|8\n|\n|t:|1733061200\n|move|p2b: Kingambit|Sucker Punch|p1b: Rillaboom\n|-damage|p1b: Rillaboom|0 fnt\n|faint|p1b: Rillaboom\n|\n|win|pokequimico\n|raw|FenieVGC's rating: 1708 &rarr; <strong>1692<\/strong><br \/>(-16 for losing)\n|raw|pokequimico's rating: 1786 &rarr; <strong>1802<\/strong><br \/>(+16 for winning)\n|l|\u2606pokequimico\n|player|p2|\n|j|\u2606pokequimico\n|player|p2|pokequimico|lucas|\n|l|\u2606FenieVGC\n|player|p1|\n|l|\u2606pokequimico\n|player|p2|\n","uploadtime":1733061349,"views":9,"formatid":"gen9vgc2024regh","rating":1692,"private":0,"password":null}