{"id":"gen9vgc2024regh-2255073779","format":"[Gen 9] VGC 2024 Reg H","players":["pkmnallrounder","lf99po"],"log":"|j|\u2606pkmnallrounder\n|j|\u2606lf99po\n|t:|1733134123\n|gametype|doubles\n|player|p1|pkmnallrounder|2|1722\n|player|p2|lf99po|lucas|1638\n|teamsize|p1|6\n|teamsize|p2|6\n|gen|9\n|tier|[Gen 9] VGC 2024 Reg H\n|rated|\n|rule|Species Clause: Limit one of each Pok\u00e9mon\n|rule|Item Clause: Limit 1 of each item\n|clearpoke\n|poke|p1|Typhlosion-Hisui, L50, M|\n|poke|p1|Torkoal, L50, F|\n|poke|p1|Lilligant-Hisui, L50, F|\n|poke|p1|Garchomp, L50, M|\n|poke|p1|Kingambit, L50, F|\n|poke|p1|Whimsicott, L50, M|\n|poke|p2|Garganacl, L50, M|\n|poke|p2|Sneasler, L50, F|\n|poke|p2|Gholdengo, L50|\n|poke|p2|Ninetales-Alola, L50, F|\n|poke|p2|Dondozo, L50, M|\n|poke|p2|Incineroar, L50, F|\n|teampreview|4\n|\n|t:|1733134214\n|start\n|switch|p1a: Garchomp|Garchomp, L50, M|100\/100\n|switch|p1b: Kingambit|Kingambit, L50, F|100\/100\n|switch|p2a: Garganacl|Garganacl, L50, M|100\/100\n|switch|p2b: Sneasler|Sneasler, L50, F|100\/100\n|turn|1\n|j| futonkagebunshin\n|\n|t:|1733134242\n|-terastallize|p1b: Kingambit|Flying\n|move|p2b: Sneasler|Protect|p2b: Sneasler\n|-singleturn|p2b: Sneasler|Protect\n|move|p2a: Garganacl|Protect|p2a: Garganacl\n|-singleturn|p2a: Garganacl|Protect\n|move|p1a: Garchomp|Earthquake|p2b: Sneasler|[spread] \n|-activate|p2a: Garganacl|move: Protect\n|-activate|p2b: Sneasler|move: Protect\n|-immune|p1b: Kingambit\n|move|p1b: Kingambit|Iron Head|p2a: Garganacl\n|-activate|p2a: Garganacl|move: Protect\n|\n|upkeep\n|turn|2\n|\n|t:|1733134270\n|-terastallize|p2a: Garganacl|Flying\n|move|p2b: Sneasler|Coaching|p2a: Garganacl\n|-boost|p2a: Garganacl|atk|1\n|-boost|p2a: Garganacl|def|1\n|move|p1a: Garchomp|Dragon Claw|p2a: Garganacl\n|-damage|p2a: Garganacl|72\/100\n|-damage|p1a: Garchomp|91\/100|[from] item: Life Orb\n|move|p1b: Kingambit|Iron Head|p2a: Garganacl\n|-damage|p2a: Garganacl|52\/100\n|cant|p2a: Garganacl|flinch\n|\n|upkeep\n|turn|3\n|\n|t:|1733134303\n|move|p2b: Sneasler|Dire Claw|p1b: Kingambit\n|-damage|p1b: Kingambit|70\/100\n|move|p1a: Garchomp|Earthquake|p2b: Sneasler|[spread] p2b\n|-immune|p1b: Kingambit\n|-immune|p2a: Garganacl\n|-supereffective|p2b: Sneasler\n|-enditem|p2b: Sneasler|Focus Sash\n|-damage|p2b: Sneasler|1\/100\n|-damage|p1a: Garchomp|81\/100|[from] item: Life Orb\n|move|p1b: Kingambit|Iron Head|p2b: Sneasler\n|-damage|p2b: Sneasler|0 fnt\n|faint|p2b: Sneasler\n|move|p2a: Garganacl|Recover|p2a: Garganacl\n|-heal|p2a: Garganacl|100\/100\n|\n|upkeep\n|\n|t:|1733134312\n|switch|p2b: Dondozo|Dondozo, L50, M|100\/100\n|turn|4\n|\n|t:|1733134326\n|switch|p1a: Whimsicott|Whimsicott, L50, M|100\/100\n|move|p1b: Kingambit|Iron Head|p2a: Garganacl\n|-damage|p2a: Garganacl|77\/100\n|move|p2b: Dondozo|Yawn|p1b: Kingambit\n|-start|p1b: Kingambit|move: Yawn|[of] p2b: Dondozo\n|move|p2a: Garganacl|Stealth Rock|p1a: Whimsicott\n|-sidestart|p1: pkmnallrounder|move: Stealth Rock\n|\n|upkeep\n|turn|5\n|\n|t:|1733134359\n|switch|p1b: Garchomp|Garchomp, L50, M|81\/100\n|-damage|p1b: Garchomp|75\/100|[from] Stealth Rock\n|move|p1a: Whimsicott|Encore|p2a: Garganacl\n|-start|p2a: Garganacl|Encore\n|move|p2b: Dondozo|Yawn|p1a: Whimsicott\n|-start|p1a: Whimsicott|move: Yawn|[of] p2b: Dondozo\n|move|p2a: Garganacl|Stealth Rock||[still]\n|-fail|p2a: Garganacl\n|\n|upkeep\n|turn|6\n|j| Jam6oree\n|\n|t:|1733134396\n|switch|p1a: Kingambit|Kingambit, L50, F, tera:Flying|70\/100\n|-damage|p1a: Kingambit|45\/100|[from] Stealth Rock\n|move|p1b: Garchomp|Earthquake|p2b: Dondozo|[spread] p2b\n|-immune|p1a: Kingambit\n|-immune|p2a: Garganacl\n|-damage|p2b: Dondozo|71\/100\n|-damage|p1b: Garchomp|65\/100|[from] item: Life Orb\n|move|p2b: Dondozo|Yawn|p1b: Garchomp\n|-start|p1b: Garchomp|move: Yawn|[of] p2b: Dondozo\n|move|p2a: Garganacl|Stealth Rock||[still]\n|-fail|p2a: Garganacl\n|\n|-heal|p2b: Dondozo|77\/100|[from] item: Leftovers\n|upkeep\n|turn|7\n|j| Gabutjir\n|\n|t:|1733134437\n|move|p1b: Garchomp|Dragon Claw|p2a: Garganacl\n|-damage|p2a: Garganacl|51\/100\n|-damage|p1b: Garchomp|55\/100|[from] item: Life Orb\n|move|p1a: Kingambit|Iron Head|p2a: Garganacl\n|-crit|p2a: Garganacl\n|-damage|p2a: Garganacl|2\/100\n|move|p2b: Dondozo|Yawn|p1a: Kingambit\n|-start|p1a: Kingambit|move: Yawn|[of] p2b: Dondozo\n|cant|p2a: Garganacl|flinch\n|\n|-heal|p2b: Dondozo|83\/100|[from] item: Leftovers\n|-end|p2a: Garganacl|Encore\n|-end|p1b: Garchomp|move: Yawn|[silent]\n|-status|p1b: Garchomp|slp\n|upkeep\n|turn|8\n|\n|t:|1733134475\n|switch|p1b: Whimsicott|Whimsicott, L50, M|100\/100\n|-damage|p1b: Whimsicott|89\/100|[from] Stealth Rock\n|move|p2a: Garganacl|Protect|p2a: Garganacl\n|-singleturn|p2a: Garganacl|Protect\n|move|p1a: Kingambit|Iron Head|p2a: Garganacl\n|-activate|p2a: Garganacl|move: Protect\n|move|p2b: Dondozo|Yawn||[still]\n|-fail|p2b: Dondozo\n|\n|-heal|p2b: Dondozo|89\/100|[from] item: Leftovers\n|-end|p1a: Kingambit|move: Yawn|[silent]\n|-status|p1a: Kingambit|slp\n|upkeep\n|turn|9\n|\n|t:|1733134488\n|move|p1b: Whimsicott|Encore|p2a: Garganacl\n|-start|p2a: Garganacl|Encore\n|cant|p1a: Kingambit|slp\n|move|p2b: Dondozo|Yawn|p1b: Whimsicott\n|-start|p1b: Whimsicott|move: Yawn|[of] p2b: Dondozo\n|move|p2a: Garganacl|Protect||[still]\n|-fail|p2a: Garganacl\n|\n|-heal|p2b: Dondozo|95\/100|[from] item: Leftovers\n|upkeep\n|turn|10\n|\n|t:|1733134511\n|switch|p1b: Garchomp|Garchomp, L50, M|55\/100 slp\n|-damage|p1b: Garchomp|49\/100 slp|[from] Stealth Rock\n|switch|p2a: Incineroar|Incineroar, L50, F|100\/100\n|-ability|p2a: Incineroar|Intimidate|boost\n|-unboost|p1a: Kingambit|atk|1\n|-ability|p1a: Kingambit|Defiant|boost\n|-boost|p1a: Kingambit|atk|2\n|-unboost|p1b: Garchomp|atk|1\n|cant|p1a: Kingambit|slp\n|move|p2b: Dondozo|Liquidation|p1a: Kingambit\n|-damage|p1a: Kingambit|24\/100 slp\n|\n|-heal|p2b: Dondozo|100\/100|[from] item: Leftovers\n|upkeep\n|turn|11\n|\n|t:|1733134528\n|cant|p1b: Garchomp|slp\n|move|p2a: Incineroar|Knock Off|p1a: Kingambit\n|-damage|p1a: Kingambit|0 fnt\n|-enditem|p1a: Kingambit|Assault Vest|[from] move: Knock Off|[of] p2a: Incineroar\n|faint|p1a: Kingambit\n|move|p2b: Dondozo|Curse|p2b: Dondozo\n|-unboost|p2b: Dondozo|spe|1\n|-boost|p2b: Dondozo|atk|1\n|-boost|p2b: Dondozo|def|1\n|\n|upkeep\n|\n|t:|1733134532\n|switch|p1a: Whimsicott|Whimsicott, L50, M|89\/100\n|-damage|p1a: Whimsicott|77\/100|[from] Stealth Rock\n|turn|12\n|\n|t:|1733134538\n|move|p2b: Dondozo|Protect|p2b: Dondozo\n|-singleturn|p2b: Dondozo|Protect\n|move|p1a: Whimsicott|Encore|p2b: Dondozo\n|-activate|p2b: Dondozo|move: Protect\n|cant|p1b: Garchomp|slp\n|move|p2a: Incineroar|Flare Blitz|p1a: Whimsicott\n|-supereffective|p1a: Whimsicott\n|-crit|p1a: Whimsicott\n|-damage|p1a: Whimsicott|0 fnt\n|faint|p1a: Whimsicott\n|-damage|p2a: Incineroar|79\/100|[from] Recoil\n|\n|upkeep\n|-message|pkmnallrounder forfeited.\n|\n|win|lf99po\n|raw|pkmnallrounder's rating: 1722 &rarr; <strong>1697<\/strong><br \/>(-25 for losing)\n|raw|lf99po's rating: 1638 &rarr; <strong>1663<\/strong><br \/>(+25 for winning)\n|l|\u2606pkmnallrounder\n|player|p1|\n|l|\u2606lf99po\n|player|p2|\n|l| Gabutjir\n|l| Jam6oree\n","uploadtime":1733134774,"views":11,"formatid":"gen9vgc2024regh","rating":1663,"private":0,"password":null}