{"id":"gen9vgc2024regh-2255999729","format":"[Gen 9] VGC 2024 Reg H","players":["dinglustan","heybetch"],"log":"|j|\u2606dinglustan\n|j|\u203dheybetch\n|t:|1733247967\n|gametype|doubles\n|player|p1|dinglustan|170|1763\n|player|p2|heybetch|1|1674\n|teamsize|p1|6\n|teamsize|p2|6\n|gen|9\n|tier|[Gen 9] VGC 2024 Reg H\n|rated|\n|rule|Species Clause: Limit one of each Pok\u00e9mon\n|rule|Item Clause: Limit 1 of each item\n|clearpoke\n|poke|p1|Whimsicott, L50, F|\n|poke|p1|Basculegion, L50, M|\n|poke|p1|Arcanine-Hisui, L50, F|\n|poke|p1|Hydreigon, L50, M|\n|poke|p1|Farigiraf, L50, M|\n|poke|p1|Pawmot, L50, M|\n|poke|p2|Gothitelle, L50, F|\n|poke|p2|Azumarill, L50, F|\n|poke|p2|Gholdengo, L50|\n|poke|p2|Amoonguss, L50, M|\n|poke|p2|Ursaluna-Bloodmoon, L50, M|\n|poke|p2|Grimmsnarl, L50, M|\n|teampreview|4\n|inactive|Battle timer is ON: inactive players will automatically lose when time's up. (requested by dinglustan)\n|inactive|heybetch has 60 seconds left.\n|\n|t:|1733247999\n|start\n|switch|p1a: Whimsicott|Whimsicott, L50, F|100\/100\n|switch|p1b: Basculegion|Basculegion, L50, M|100\/100\n|switch|p2a: Ursaluna|Ursaluna-Bloodmoon, L50, M|100\/100\n|switch|p2b: Grimmsnarl|Grimmsnarl, L50, M|100\/100\n|turn|1\n|inactive|heybetch has 30 seconds left.\n|\n|t:|1733248027\n|-terastallize|p2a: Ursaluna|Ghost\n|move|p2b: Grimmsnarl|Reflect|p2b: Grimmsnarl\n|-sidestart|p2: heybetch|Reflect\n|move|p1a: Whimsicott|Moonblast|p2b: Grimmsnarl\n|-supereffective|p2b: Grimmsnarl\n|-crit|p2b: Grimmsnarl\n|-damage|p2b: Grimmsnarl|34\/100\n|move|p1b: Basculegion|Wave Crash|p2a: Ursaluna\n|-damage|p2a: Ursaluna|49\/100\n|-damage|p1b: Basculegion|83\/100|[from] Recoil\n|move|p2a: Ursaluna|Blood Moon|p1b: Basculegion\n|-damage|p1b: Basculegion|0 fnt\n|faint|p1b: Basculegion\n|-damage|p2a: Ursaluna|39\/100|[from] item: Life Orb\n|\n|upkeep\n|\n|t:|1733248035\n|switch|p1b: Hydreigon|Hydreigon, L50, M|100\/100\n|turn|2\n|\n|t:|1733248046\n|move|p2b: Grimmsnarl|Light Screen|p2b: Grimmsnarl\n|-sidestart|p2: heybetch|move: Light Screen\n|move|p2a: Ursaluna|Vacuum Wave|p1b: Hydreigon\n|-supereffective|p1b: Hydreigon\n|-damage|p1b: Hydreigon|52\/100\n|-damage|p2a: Ursaluna|29\/100|[from] item: Life Orb\n|move|p1b: Hydreigon|Dark Pulse|p2a: Ursaluna\n|-supereffective|p2a: Ursaluna\n|-damage|p2a: Ursaluna|0 fnt\n|faint|p2a: Ursaluna\n|-damage|p1b: Hydreigon|42\/100|[from] item: Life Orb\n|move|p1a: Whimsicott|Moonblast|p2b: Grimmsnarl\n|-supereffective|p2b: Grimmsnarl\n|-damage|p2b: Grimmsnarl|2\/100\n|\n|upkeep\n|\n|t:|1733248058\n|switch|p2a: Azumarill|Azumarill, L50, F|100\/100\n|turn|3\n|\n|t:|1733248069\n|move|p2b: Grimmsnarl|Parting Shot|p1a: Whimsicott\n|-unboost|p1a: Whimsicott|atk|1\n|-unboost|p1a: Whimsicott|spa|1\n|\n|t:|1733248072\n|switch|p2b: Gholdengo|Gholdengo, L50|100\/100|[from] Parting Shot\n|move|p1b: Hydreigon|Heat Wave|p2b: Gholdengo|[spread] p2a,p2b\n|-resisted|p2a: Azumarill\n|-supereffective|p2b: Gholdengo\n|-damage|p2a: Azumarill|92\/100\n|-damage|p2b: Gholdengo|51\/100\n|-damage|p1b: Hydreigon|33\/100|[from] item: Life Orb\n|move|p1a: Whimsicott|Giga Drain|p2a: Azumarill\n|-ability|p2a: Azumarill|Sap Sipper|boost\n|-boost|p2a: Azumarill|atk|1\n|move|p2a: Azumarill|Whirlpool|p1b: Hydreigon\n|-resisted|p1b: Hydreigon\n|-damage|p1b: Hydreigon|27\/100\n|-activate|p1b: Hydreigon|move: Whirlpool|[of] p2a: Azumarill\n|\n|-damage|p1b: Hydreigon|15\/100|[from] move: Whirlpool|[partiallytrapped]\n|upkeep\n|turn|4\n|\n|t:|1733248087\n|switch|p2b: Grimmsnarl|Grimmsnarl, L50, M|2\/100\n|move|p2a: Azumarill|Protect|p2a: Azumarill\n|-singleturn|p2a: Azumarill|Protect\n|move|p1b: Hydreigon|Dark Pulse|p2b: Grimmsnarl\n|-resisted|p2b: Grimmsnarl\n|-damage|p2b: Grimmsnarl|0 fnt\n|faint|p2b: Grimmsnarl\n|-damage|p1b: Hydreigon|6\/100|[from] item: Life Orb\n|move|p1a: Whimsicott|Moonblast|p2a: Azumarill\n|-activate|p2a: Azumarill|move: Protect\n|\n|-damage|p1b: Hydreigon|0 fnt|[from] move: Whirlpool|[partiallytrapped]\n|faint|p1b: Hydreigon\n|upkeep\n|\n|t:|1733248094\n|switch|p1b: Pawmot|Pawmot, L50, M|100\/100\n|switch|p2b: Gholdengo|Gholdengo, L50|51\/100\n|turn|5\n|\n|t:|1733248108\n|-terastallize|p1a: Whimsicott|Water\n|move|p1b: Pawmot|Double Shock|p2a: Azumarill\n|-supereffective|p2a: Azumarill\n|-damage|p2a: Azumarill|20\/100\n|-start|p1b: Pawmot|typechange|???\/Fighting|[from] move: Double Shock\n|move|p2b: Gholdengo|Make It Rain|p1b: Pawmot|[spread] p1a,p1b\n|-resisted|p1a: Whimsicott\n|-damage|p1a: Whimsicott|63\/100\n|-enditem|p1b: Pawmot|Focus Sash\n|-damage|p1b: Pawmot|1\/100\n|-unboost|p2b: Gholdengo|spa|1\n|move|p1a: Whimsicott|Moonblast|p2b: Gholdengo\n|-resisted|p2b: Gholdengo\n|-damage|p2b: Gholdengo|43\/100\n|move|p2a: Azumarill|Whirlpool|p1b: Pawmot\n|-damage|p1b: Pawmot|0 fnt\n|faint|p1b: Pawmot\n|\n|upkeep\n|turn|6\n|\n|t:|1733248125\n|move|p2b: Gholdengo|Make It Rain|p1a: Whimsicott\n|-resisted|p1a: Whimsicott\n|-damage|p1a: Whimsicott|28\/100\n|-unboost|p2b: Gholdengo|spa|1\n|move|p1a: Whimsicott|Moonblast|p2a: Azumarill\n|-damage|p2a: Azumarill|11\/100\n|-unboost|p2a: Azumarill|spa|1\n|move|p2a: Azumarill|Rest|p2a: Azumarill\n|-status|p2a: Azumarill|slp|[from] move: Rest\n|-heal|p2a: Azumarill|100\/100 slp|[silent]\n|-enditem|p2a: Azumarill|Chesto Berry|[eat]\n|-curestatus|p2a: Azumarill|slp|[msg]\n|\n|upkeep\n|turn|7\n|-message|dinglustan forfeited.\n|\n|win|heybetch\n|raw|dinglustan's rating: 1763 &rarr; <strong>1738<\/strong><br \/>(-25 for losing)\n|raw|heybetch's rating: 1674 &rarr; <strong>1699<\/strong><br \/>(+25 for winning)\n|l|\u2606dinglustan\n|player|p1|\n|l|\u203dheybetch\n|player|p2|\n","uploadtime":1733248296,"views":9,"formatid":"gen9vgc2024regh","rating":1699,"private":0,"password":null}