{"id":"gen9vgc2024regh-2255126240","format":"[Gen 9] VGC 2024 Reg H","players":["ildrarVGC","barney7 test"],"log":"|j|\u2606ildrarVGC\n|j|\u2606barney7 test\n|t:|1733142526\n|gametype|doubles\n|player|p1|ildrarVGC|steven|1713\n|player|p2|barney7 test|ltsurge|1690\n|teamsize|p1|6\n|teamsize|p2|6\n|gen|9\n|tier|[Gen 9] VGC 2024 Reg H\n|rated|\n|rule|Species Clause: Limit one of each Pok\u00e9mon\n|rule|Item Clause: Limit 1 of each item\n|clearpoke\n|poke|p1|Dondozo, L50, F|\n|poke|p1|Tatsugiri, L50, M|\n|poke|p1|Archaludon, L50, M|\n|poke|p1|Gholdengo, L50|\n|poke|p1|Whimsicott, L50, F|\n|poke|p1|Typhlosion-Hisui, L50, F|\n|poke|p2|Pelipper, L50, M|\n|poke|p2|Archaludon, L50, F|\n|poke|p2|Sinistcha, L50|\n|poke|p2|Ursaluna, L50, F|\n|poke|p2|Dusclops, L50, M|\n|poke|p2|Rillaboom, L50, M|\n|teampreview|4\nildrarVGC rejected open team sheets.\n|inactive|Battle timer is ON: inactive players will automatically lose when time's up. (requested by barney7 test)\n|\n|t:|1733142554\n|start\n|switch|p1a: Gholdengo|Gholdengo, L50|100\/100\n|switch|p1b: Archaludon|Archaludon, L50, M|100\/100\n|switch|p2a: Dusclops|Dusclops, L50, M|100\/100\n|switch|p2b: Sporky|Pelipper, L50, M, shiny|100\/100\n|-weather|RainDance|[from] ability: Drizzle|[of] p2b: Sporky\n|-item|p1a: Gholdengo|Life Orb|[from] ability: Frisk|[of] p2a: Dusclops\n|-item|p1b: Archaludon|Power Herb|[from] ability: Frisk|[of] p2a: Dusclops\n|turn|1\n|inactive|ildrarVGC has 30 seconds left.\n|j| Gambit the king\n|inactive|ildrarVGC has 20 seconds left.\n|inactive|barney7 test has 30 seconds left.\n|inactive|ildrarVGC has 15 seconds left.\n|inactive|ildrarVGC has 10 seconds left.\n|j| qiyeO.o\n|\n|t:|1733142603\n|switch|p2b: Ursaluna|Ursaluna, L50, F|100\/100\n|-terastallize|p1a: Gholdengo|Steel\n|-terastallize|p2a: Dusclops|Grass\n|move|p1b: Archaludon|Electro Shot||[still]\n|-prepare|p1b: Archaludon|Electro Shot\n|-boost|p1b: Archaludon|spa|1\n|-anim|p1b: Archaludon|Electro Shot|p2a: Dusclops\n|-resisted|p2a: Dusclops\n|-crit|p2a: Dusclops\n|-damage|p2a: Dusclops|72\/100\n|move|p1a: Gholdengo|Make It Rain|p2b: Ursaluna|[spread] p2a,p2b\n|-damage|p2a: Dusclops|26\/100\n|-damage|p2b: Ursaluna|29\/100\n|-unboost|p1a: Gholdengo|spa|1\n|-damage|p1a: Gholdengo|91\/100|[from] item: Life Orb\n|move|p2a: Dusclops|Trick Room|p2a: Dusclops\n|-fieldstart|move: Trick Room|[of] p2a: Dusclops\n|\n|-weather|RainDance|[upkeep]\n|-status|p2b: Ursaluna|brn|[from] item: Flame Orb\n|upkeep\n|turn|2\n|inactive|ildrarVGC has 30 seconds left.\n|inactive|ildrarVGC has 20 seconds left.\n|\n|t:|1733142643\n|switch|p2a: Sporky|Pelipper, L50, M, shiny|100\/100\n|switch|p1b: Whimsicott|Whimsicott, L50, F|100\/100\n|move|p1a: Gholdengo|Protect|p1a: Gholdengo\n|-singleturn|p1a: Gholdengo|Protect\n|move|p2b: Ursaluna|Earthquake|p1a: Gholdengo|[spread] p1b\n|-activate|p1a: Gholdengo|move: Protect\n|-immune|p2a: Sporky\n|-resisted|p1b: Whimsicott\n|-damage|p1b: Whimsicott|68\/100\n|\n|-weather|RainDance|[upkeep]\n|-damage|p2b: Ursaluna|23\/100 brn|[from] brn\n|upkeep\n|turn|3\n|inactive|ildrarVGC has 30 seconds left.\n|inactive|barney7 test has 30 seconds left.\n|\n|t:|1733142678\n|switch|p1a: Archaludon|Archaludon, L50, M|100\/100\n|move|p2b: Ursaluna|Earthquake|p1b: Whimsicott|[spread] p1a,p1b\n|-immune|p2a: Sporky\n|-supereffective|p1a: Archaludon\n|-resisted|p1b: Whimsicott\n|-ability|p1a: Archaludon|Sturdy\n|-damage|p1a: Archaludon|1\/100\n|-damage|p1b: Whimsicott|32\/100\n|move|p2a: Sporky|Weather Ball|p1b: Whimsicott\n|-resisted|p1b: Whimsicott\n|-damage|p1b: Whimsicott|0 fnt\n|faint|p1b: Whimsicott\n|\n|-weather|RainDance|[upkeep]\n|-damage|p2b: Ursaluna|17\/100 brn|[from] brn\n|upkeep\n|\n|t:|1733142695\n|switch|p1b: Gholdengo|Gholdengo, L50, tera:Steel|91\/100\n|turn|4\n|l| Gambit the king\n|\n|t:|1733142701\n|move|p1b: Gholdengo|Protect|p1b: Gholdengo\n|-singleturn|p1b: Gholdengo|Protect\n|move|p1a: Archaludon|Protect|p1a: Archaludon\n|-singleturn|p1a: Archaludon|Protect\n|move|p2b: Ursaluna|Earthquake|p1b: Gholdengo|[spread] \n|-activate|p1a: Archaludon|move: Protect\n|-activate|p1b: Gholdengo|move: Protect\n|-immune|p2a: Sporky\n|move|p2a: Sporky|Weather Ball|p1b: Gholdengo\n|-activate|p1b: Gholdengo|move: Protect\n|\n|-weather|RainDance|[upkeep]\n|-damage|p2b: Ursaluna|11\/100 brn|[from] brn\n|upkeep\n|turn|5\n|\n|t:|1733142717\n|move|p1b: Gholdengo|Protect|p1b: Gholdengo\n|-singleturn|p1b: Gholdengo|Protect\n|move|p1a: Archaludon|Protect|p1a: Archaludon\n|-singleturn|p1a: Archaludon|Protect\n|move|p2b: Ursaluna|Earthquake|p1a: Archaludon|[spread] \n|-activate|p1a: Archaludon|move: Protect\n|-activate|p1b: Gholdengo|move: Protect\n|-immune|p2a: Sporky\n|move|p2a: Sporky|Weather Ball|p1b: Gholdengo\n|-activate|p1b: Gholdengo|move: Protect\n|\n|-weather|none\n|-damage|p2b: Ursaluna|5\/100 brn|[from] brn\n|-fieldend|move: Trick Room\n|upkeep\n|turn|6\n|inactive|ildrarVGC has 30 seconds left.\n|\n|t:|1733142750\n|switch|p2a: Archaludon|Archaludon, L50, F|100\/100\n|move|p1a: Archaludon|Electro Shot||[still]\n|-prepare|p1a: Archaludon|Electro Shot\n|-boost|p1a: Archaludon|spa|1\n|-enditem|p1a: Archaludon|Power Herb\n|-anim|p1a: Archaludon|Electro Shot|p2a: Archaludon\n|-resisted|p2a: Archaludon\n|-damage|p2a: Archaludon|75\/100\n|-ability|p2a: Archaludon|Stamina|boost\n|-boost|p2a: Archaludon|def|1\n|move|p1b: Gholdengo|Make It Rain|p2b: Ursaluna|[spread] p2a,p2b\n|-resisted|p2a: Archaludon\n|-damage|p2a: Archaludon|48\/100\n|-damage|p2b: Ursaluna|0 fnt\n|-unboost|p1b: Gholdengo|spa|1\n|-ability|p2a: Archaludon|Stamina|boost\n|-boost|p2a: Archaludon|def|1\n|faint|p2b: Ursaluna\n|-damage|p1b: Gholdengo|81\/100|[from] item: Life Orb\n|\n|upkeep\n|\n|t:|1733142760\n|switch|p2b: Dusclops|Dusclops, L50, M, tera:Grass|26\/100\n|-item|p1b: Gholdengo|Life Orb|[from] ability: Frisk|[of] p2b: Dusclops\n|turn|7\n|\n|t:|1733142784\n|move|p1a: Archaludon|Dragon Pulse|p2a: Archaludon\n|-damage|p2a: Archaludon|0 fnt\n|faint|p2a: Archaludon\n|move|p1b: Gholdengo|Shadow Ball|p2b: Dusclops\n|-damage|p2b: Dusclops|5\/100\n|-damage|p1b: Gholdengo|72\/100|[from] item: Life Orb\n|move|p2b: Dusclops|Trick Room|p2b: Dusclops\n|-fieldstart|move: Trick Room|[of] p2b: Dusclops\n|\n|upkeep\n|\n|t:|1733142788\n|switch|p2a: Sporky|Pelipper, L50, M, shiny|100\/100\n|-weather|RainDance|[from] ability: Drizzle|[of] p2a: Sporky\n|turn|8\n|j| nebito47\n|\n|t:|1733142808\n|move|p2b: Dusclops|Night Shade|p1a: Archaludon\n|-damage|p1a: Archaludon|0 fnt\n|faint|p1a: Archaludon\n|move|p2a: Sporky|Weather Ball|p1b: Gholdengo\n|-damage|p1b: Gholdengo|0 fnt\n|faint|p1b: Gholdengo\n|\n|-weather|RainDance|[upkeep]\n|upkeep\n|-message|ildrarVGC forfeited.\n|\n|win|barney7 test\n|raw|ildrarVGC's rating: 1713 &rarr; <strong>1692<\/strong><br \/>(-21 for losing)\n|raw|barney7 test's rating: 1690 &rarr; <strong>1711<\/strong><br \/>(+21 for winning)\n|l|\u2606ildrarVGC\n|player|p1|\n|l|\u2606barney7 test\n|player|p2|\n|l| qiyeO.o\n|l| nebito47\n","uploadtime":1733143072,"views":7,"formatid":"gen9vgc2024regh","rating":1692,"private":0,"password":null}