{"id":"gen9vgc2024regh-2255836107","format":"[Gen 9] VGC 2024 Reg H","players":["VGCLTH Rishi","ChiShuPian de GuLi"],"log":"|raw|<div class=\"broadcast-blue\"><strong>This battle is required to be public due to a player having a name starting with 'vgclth'.<\/div>\n|j|\u2606VGCLTH Rishi\n|j|\u2606ChiShuPian de GuLi\n|t:|1733231306\n|gametype|doubles\n|player|p1|VGCLTH Rishi|shauntal|1697\n|player|p2|ChiShuPian de GuLi|#smogonxnpa2024draftee2|1679\n|teamsize|p1|6\n|teamsize|p2|6\n|gen|9\n|tier|[Gen 9] VGC 2024 Reg H\n|rated|\n|rule|Species Clause: Limit one of each Pok\u00e9mon\n|rule|Item Clause: Limit 1 of each item\n|clearpoke\n|poke|p1|Rillaboom, L50, M|\n|poke|p1|Ursaluna-Bloodmoon, L50, M|\n|poke|p1|Dragonite, L50, M|\n|poke|p1|Incineroar, L50, M|\n|poke|p1|Gholdengo, L50|\n|poke|p1|Primarina, L50, F|\n|poke|p2|Indeedee, L50, M|\n|poke|p2|Primarina, L50, F|\n|poke|p2|Volcarona, L50, F|\n|poke|p2|Annihilape, L50, M|\n|poke|p2|Tyranitar, L50, M|\n|poke|p2|Sneasler, L50, M|\n|teampreview|4\n|inactive|Battle timer is ON: inactive players will automatically lose when time's up. (requested by ChiShuPian de GuLi)\n|inactive|VGCLTH Rishi has 60 seconds left.\n|\n|t:|1733231366\n|start\n|switch|p1a: Primarina|Primarina, L50, F|100\/100\n|switch|p1b: Dragonite|Dragonite, L50, M|100\/100\n|switch|p2a: Volcarona|Volcarona, L50, F|100\/100\n|switch|p2b: Primarina|Primarina, L50, F|100\/100\n|turn|1\n|inactive|VGCLTH Rishi has 30 seconds left.\n|inactive|ChiShuPian de GuLi has 30 seconds left.\n|inactive|ChiShuPian de GuLi has 20 seconds left.\n|\n|t:|1733231411\n|switch|p1b: Incineroar|Incineroar, L50, M|100\/100\n|-ability|p1b: Incineroar|Intimidate|boost\n|-unboost|p2a: Volcarona|atk|1\n|-unboost|p2b: Primarina|atk|1\n|move|p2a: Volcarona|Struggle Bug|p1b: Incineroar|[spread] p1a,p1b\n|-resisted|p1a: Primarina\n|-damage|p1a: Primarina|92\/100\n|-damage|p1b: Incineroar|87\/100\n|-unboost|p1a: Primarina|spa|1\n|-unboost|p1b: Incineroar|spa|1\n|move|p2b: Primarina|Dazzling Gleam|p1a: Primarina|[spread] p1a,p1b\n|-damage|p1a: Primarina|54\/100\n|-damage|p1b: Incineroar|48\/100\n|move|p1a: Primarina|Moonblast|p2b: Primarina\n|-damage|p2b: Primarina|56\/100\n|\n|upkeep\n|turn|2\n|inactive|VGCLTH Rishi has 30 seconds left.\n|inactive|ChiShuPian de GuLi has 30 seconds left.\n|\n|t:|1733231439\n|move|p2a: Volcarona|Struggle Bug|p1a: Primarina|[spread] p1a,p1b\n|-resisted|p1a: Primarina\n|-damage|p1a: Primarina|46\/100\n|-damage|p1b: Incineroar|33\/100\n|-unboost|p1a: Primarina|spa|1\n|-unboost|p1b: Incineroar|spa|1\n|move|p2b: Primarina|Dazzling Gleam|p1a: Primarina|[spread] p1a,p1b\n|-damage|p1a: Primarina|7\/100\n|-damage|p1b: Incineroar|0 fnt\n|faint|p1b: Incineroar\n|move|p1a: Primarina|Moonblast|p2b: Primarina\n|-damage|p2b: Primarina|20\/100\n|\n|upkeep\n|\n|t:|1733231446\n|switch|p1b: Rillaboom|Rillaboom, L50, M|100\/100\n|-fieldstart|move: Grassy Terrain|[from] ability: Grassy Surge|[of] p1b: Rillaboom\n|turn|3\n|\n|t:|1733231468\n|switch|p1a: Dragonite|Dragonite, L50, M|100\/100\n|move|p1b: Rillaboom|Grassy Glide|p2b: Primarina\n|-supereffective|p2b: Primarina\n|-damage|p2b: Primarina|0 fnt\n|faint|p2b: Primarina\n|move|p2a: Volcarona|Struggle Bug|p1a: Dragonite|[spread] p1a,p1b\n|-resisted|p1a: Dragonite\n|-supereffective|p1b: Rillaboom\n|-damage|p1a: Dragonite|96\/100\n|-damage|p1b: Rillaboom|76\/100\n|-unboost|p1a: Dragonite|spa|1\n|-unboost|p1b: Rillaboom|spa|1\n|\n|-heal|p1b: Rillaboom|82\/100|[from] Grassy Terrain\n|upkeep\n|\n|t:|1733231480\n|switch|p2b: Indeedee|Indeedee, L50, M|100\/100\n|-fieldstart|move: Psychic Terrain|[from] ability: Psychic Surge|[of] p2b: Indeedee\n|turn|4\n|\n|t:|1733231502\n|switch|p1b: Primarina|Primarina, L50, F|7\/100\n|move|p2b: Indeedee|Expanding Force|p1b: Primarina|[spread] p1a,p1b\n|-damage|p1a: Dragonite|44\/100\n|-damage|p1b: Primarina|0 fnt\n|faint|p1b: Primarina\n|move|p2a: Volcarona|Tailwind|p2a: Volcarona\n|-sidestart|p2: ChiShuPian de GuLi|move: Tailwind\n|move|p1a: Dragonite|Scale Shot|p2b: Indeedee\n|-damage|p2b: Indeedee|71\/100\n|-damage|p2b: Indeedee|42\/100\n|-damage|p2b: Indeedee|15\/100\n|-damage|p2b: Indeedee|0 fnt\n|faint|p2b: Indeedee\n|-hitcount|p2: Indeedee|4\n|-unboost|p1a: Dragonite|def|1\n|-boost|p1a: Dragonite|spe|1\n|\n|upkeep\n|\n|t:|1733231511\n|switch|p2b: Sneasler|Sneasler, L50, M|100\/100\n|switch|p1b: Rillaboom|Rillaboom, L50, M|82\/100\n|-enditem|p2b: Sneasler|Psychic Seed\n|-boost|p2b: Sneasler|spd|1|[from] item: Psychic Seed\n|-fieldstart|move: Grassy Terrain|[from] ability: Grassy Surge|[of] p1b: Rillaboom\n|turn|5\n|\n|t:|1733231536\n|-terastallize|p1b: Rillaboom|Fire\n|move|p2b: Sneasler|Protect|p2b: Sneasler\n|-singleturn|p2b: Sneasler|Protect\n|move|p1b: Rillaboom|Fake Out|p2a: Volcarona\n|-damage|p2a: Volcarona|83\/100\n|cant|p2a: Volcarona|flinch\n|move|p1a: Dragonite|Scale Shot|p2a: Volcarona\n|-crit|p2a: Volcarona\n|-damage|p2a: Volcarona|56\/100\n|-damage|p2a: Volcarona|38\/100\n|-enditem|p2a: Volcarona|Sitrus Berry|[eat]\n|-heal|p2a: Volcarona|63\/100|[from] item: Sitrus Berry\n|-damage|p2a: Volcarona|46\/100\n|-damage|p2a: Volcarona|28\/100\n|-hitcount|p2a: Volcarona|4\n|-unboost|p1a: Dragonite|def|1\n|-boost|p1a: Dragonite|spe|1\n|\n|-heal|p2a: Volcarona|34\/100|[from] Grassy Terrain\n|-heal|p1b: Rillaboom|88\/100|[from] Grassy Terrain\n|upkeep\n|turn|6\n|inactive|ChiShuPian de GuLi has 30 seconds left.\n|\n|t:|1733231571\n|move|p1a: Dragonite|Protect|p1a: Dragonite\n|-singleturn|p1a: Dragonite|Protect\n|move|p2b: Sneasler|Close Combat|p1b: Rillaboom\n|-damage|p1b: Rillaboom|30\/100\n|-unboost|p2b: Sneasler|def|1\n|-unboost|p2b: Sneasler|spd|1\n|move|p2a: Volcarona|Overheat|p1b: Rillaboom\n|-resisted|p1b: Rillaboom\n|-crit|p1b: Rillaboom\n|-damage|p1b: Rillaboom|0 fnt\n|-unboost|p2a: Volcarona|spa|2\n|faint|p1b: Rillaboom\n|\n|-heal|p2a: Volcarona|40\/100|[from] Grassy Terrain\n|upkeep\n|turn|7\n|\n|t:|1733231587\n|move|p2b: Sneasler|Dire Claw|p1a: Dragonite\n|-damage|p1a: Dragonite|0 fnt\n|faint|p1a: Dragonite\n|\n|win|ChiShuPian de GuLi\n|raw|VGCLTH Rishi's rating: 1697 &rarr; <strong>1676<\/strong><br \/>(-21 for losing)\n|raw|ChiShuPian de GuLi's rating: 1679 &rarr; <strong>1700<\/strong><br \/>(+21 for winning)\n|l|\u2606VGCLTH Rishi\n|player|p1|\n","uploadtime":1733231697,"views":24,"formatid":"gen9vgc2024regh","rating":1676,"private":0,"password":null}