{"id":"gen9vgc2024regh-2255369760","format":"[Gen 9] VGC 2024 Reg H","players":["actuary97","adamiser810"],"log":"|j|\u2606actuary97\n|j|\u2606adamiser810\n|t:|1733167821\n|gametype|doubles\n|player|p1|actuary97|sabrina-frlg|1783\n|player|p2|adamiser810|steven|1685\n|teamsize|p1|6\n|teamsize|p2|6\n|gen|9\n|tier|[Gen 9] VGC 2024 Reg H\n|rated|\n|rule|Species Clause: Limit one of each Pok\u00e9mon\n|rule|Item Clause: Limit 1 of each item\n|clearpoke\n|poke|p1|Whimsicott, L50, F|\n|poke|p1|Gallade, L50, M|\n|poke|p1|Archaludon, L50, F|\n|poke|p1|Malamar, L50, F|\n|poke|p1|Indeedee, L50, M|\n|poke|p1|Drifblim, L50, M|\n|poke|p2|Garchomp, L50, M|\n|poke|p2|Kilowattrel, L50, F|\n|poke|p2|Pelipper, L50, M|\n|poke|p2|Incineroar, L50, F|\n|poke|p2|Gholdengo, L50|\n|poke|p2|Amoonguss, L50, F|\n|teampreview|4\nactuary97 has agreed to open team sheets.\n|j| AlabamaChristian\n|l| AlabamaChristian\n|\n|t:|1733167855\n|start\n|switch|p1a: Mischief Mother|Whimsicott, L50, F, shiny|100\/100\n|switch|p1b: Tapu Deedee|Indeedee, L50, M, shiny|100\/100\n|switch|p2a: Kilowattrel|Kilowattrel, L50, F|100\/100\n|switch|p2b: Garchomp|Garchomp, L50, M|100\/100\n|-fieldstart|move: Psychic Terrain|[from] ability: Psychic Surge|[of] p1b: Tapu Deedee\n|turn|1\n|\n|t:|1733167881\n|switch|p2a: Incineroar|Incineroar, L50, F, shiny|100\/100\n|-ability|p2a: Incineroar|Intimidate|boost\n|-unboost|p1a: Mischief Mother|atk|1\n|-unboost|p1b: Tapu Deedee|atk|1\n|-terastallize|p2b: Garchomp|Steel\n|move|p1a: Mischief Mother|Tailwind|p1a: Mischief Mother\n|-sidestart|p1: actuary97|move: Tailwind\n|move|p1b: Tapu Deedee|Expanding Force|p2b: Garchomp|[spread] p2b\n|-immune|p2a: Incineroar\n|-resisted|p2b: Garchomp\n|-damage|p2b: Garchomp|50\/100\n|move|p2b: Garchomp|Stomping Tantrum|p1b: Tapu Deedee\n|-damage|p1b: Tapu Deedee|2\/100\n|-damage|p2b: Garchomp|40\/100|[from] item: Life Orb\n|\n|upkeep\n|turn|2\n|\n|t:|1733167911\n|switch|p1b: Bridget|Archaludon, L50, F, shiny|100\/100\n|move|p2b: Garchomp|Protect|p2b: Garchomp\n|-singleturn|p2b: Garchomp|Protect\n|move|p1a: Mischief Mother|Beat Up|p1b: Bridget\n|-damage|p1b: Bridget|99\/100\n|-ability|p1b: Bridget|Stamina|boost\n|-boost|p1b: Bridget|def|1\n|-damage|p1b: Bridget|98\/100\n|-ability|p1b: Bridget|Stamina|boost\n|-boost|p1b: Bridget|def|1\n|-damage|p1b: Bridget|98\/100\n|-ability|p1b: Bridget|Stamina|boost\n|-boost|p1b: Bridget|def|1\n|-damage|p1b: Bridget|97\/100\n|-ability|p1b: Bridget|Stamina|boost\n|-boost|p1b: Bridget|def|1\n|-hitcount|p1b: Bridget|4\n|move|p2a: Incineroar|Flare Blitz|p1a: Mischief Mother\n|-supereffective|p1a: Mischief Mother\n|-enditem|p1a: Mischief Mother|Focus Sash\n|-damage|p1a: Mischief Mother|1\/100\n|-damage|p2a: Incineroar|78\/100|[from] Recoil\n|\n|upkeep\n|turn|3\n|\n|t:|1733167948\n|switch|p1a: Happy Thanksgiving|Drifblim, L50, M, shiny|100\/100\n|-enditem|p1a: Happy Thanksgiving|Psychic Seed\n|-boost|p1a: Happy Thanksgiving|spd|1|[from] item: Psychic Seed\n|switch|p2b: Gholdengo|Gholdengo, L50|100\/100\n|move|p1b: Bridget|Body Press|p2a: Incineroar\n|-supereffective|p2a: Incineroar\n|-damage|p2a: Incineroar|0 fnt\n|faint|p2a: Incineroar\n|\n|upkeep\n|\n|t:|1733167960\n|switch|p2a: Garchomp|Garchomp, L50, M, tera:Steel|40\/100\n|turn|4\n|\n|t:|1733167977\n|move|p2a: Garchomp|Protect|p2a: Garchomp\n|-singleturn|p2a: Garchomp|Protect\n|move|p1a: Happy Thanksgiving|Icy Wind|p2a: Garchomp|[spread] p2b\n|-activate|p2a: Garchomp|move: Protect\n|-resisted|p2b: Gholdengo\n|-damage|p2b: Gholdengo|96\/100\n|-unboost|p2b: Gholdengo|spe|1\n|move|p1b: Bridget|Snarl|p2b: Gholdengo|[spread] p2b\n|-activate|p2a: Garchomp|move: Protect\n|-supereffective|p2b: Gholdengo\n|-damage|p2b: Gholdengo|69\/100\n|-unboost|p2b: Gholdengo|spa|1\n|move|p2b: Gholdengo|Nasty Plot|p2b: Gholdengo\n|-boost|p2b: Gholdengo|spa|2\n|\n|-sideend|p1: actuary97|move: Tailwind\n|upkeep\n|turn|5\n|j| canto 7 spoilers\n|j| revplog\n|l| revplog\n|\n|t:|1733168031\n|move|p1a: Happy Thanksgiving|Will-O-Wisp|p2a: Garchomp\n|-status|p2a: Garchomp|brn\n|move|p2a: Garchomp|Stomping Tantrum|p1b: Bridget\n|-supereffective|p1b: Bridget\n|-damage|p1b: Bridget|84\/100\n|-ability|p1b: Bridget|Stamina|boost\n|-boost|p1b: Bridget|def|1\n|-damage|p2a: Garchomp|30\/100 brn|[from] item: Life Orb\n|move|p1b: Bridget|Snarl|p2b: Gholdengo|[spread] p2a,p2b\n|-supereffective|p2b: Gholdengo\n|-damage|p2a: Garchomp|15\/100 brn\n|-damage|p2b: Gholdengo|44\/100\n|-unboost|p2a: Garchomp|spa|1\n|-unboost|p2b: Gholdengo|spa|1\n|move|p2b: Gholdengo|Shadow Ball|p1a: Happy Thanksgiving\n|-supereffective|p1a: Happy Thanksgiving\n|-damage|p1a: Happy Thanksgiving|44\/100\n|\n|-damage|p2a: Garchomp|9\/100 brn|[from] brn\n|-fieldend|move: Psychic Terrain\n|upkeep\n|turn|6\n|\n|t:|1733168068\n|move|p1a: Happy Thanksgiving|Air Slash|p2b: Gholdengo\n|-resisted|p2b: Gholdengo\n|-damage|p2b: Gholdengo|32\/100\n|move|p2a: Garchomp|Stomping Tantrum|p1b: Bridget\n|-supereffective|p1b: Bridget\n|-damage|p1b: Bridget|73\/100\n|-ability|p1b: Bridget|Stamina|boost\n|-boost|p1b: Bridget|def|1\n|-damage|p2a: Garchomp|0 fnt|[from] item: Life Orb\n|faint|p2a: Garchomp\n|move|p1b: Bridget|Snarl|p2b: Gholdengo\n|-supereffective|p2b: Gholdengo\n|-damage|p2b: Gholdengo|0 fnt\n|faint|p2b: Gholdengo\n|\n|upkeep\n|\n|t:|1733168095\n|switch|p2a: Kilowattrel|Kilowattrel, L50, F|100\/100\n|turn|7\n|\n|t:|1733168123\n|move|p1a: Happy Thanksgiving|Air Slash|p2a: Kilowattrel\n|-resisted|p2a: Kilowattrel\n|-damage|p2a: Kilowattrel|79\/100\n|move|p2a: Kilowattrel|Discharge|p1b: Bridget|[spread] p1a,p1b\n|-supereffective|p1a: Happy Thanksgiving\n|-resisted|p1b: Bridget\n|-crit|p1b: Bridget\n|-damage|p1a: Happy Thanksgiving|0 fnt\n|-damage|p1b: Bridget|50\/100\n|faint|p1a: Happy Thanksgiving\n|move|p1b: Bridget|Body Press|p2a: Kilowattrel\n|-resisted|p2a: Kilowattrel\n|-damage|p2a: Kilowattrel|0 fnt\n|faint|p2a: Kilowattrel\n|\n|win|actuary97\n|raw|actuary97's rating: 1783 &rarr; <strong>1798<\/strong><br \/>(+15 for winning)\n|raw|adamiser810's rating: 1685 &rarr; <strong>1670<\/strong><br \/>(-15 for losing)\n|l|\u2606adamiser810\n|player|p2|\n|c|\u2606actuary97|gg\n|l| canto 7 spoilers\n|l|\u2606actuary97\n|player|p1|\n","uploadtime":1733168396,"views":9,"formatid":"gen9vgc2024regh","rating":1670,"private":0,"password":null}