{"id":"gen9vgc2024regh-2255292312","format":"[Gen 9] VGC 2024 Reg H","players":["CarryTheBoats","futonkagebunshin"],"log":"|j|\u2606CarryTheBoats\n|j|\u2606futonkagebunshin\n|t:|1733160603\n|gametype|doubles\n|player|p1|CarryTheBoats|crasherwake|1792\n|player|p2|futonkagebunshin|policeman-gen4|1742\n|teamsize|p1|6\n|teamsize|p2|6\n|gen|9\n|tier|[Gen 9] VGC 2024 Reg H\n|rated|\n|rule|Species Clause: Limit one of each Pok\u00e9mon\n|rule|Item Clause: Limit 1 of each item\n|clearpoke\n|poke|p1|Archaludon, L50, F|\n|poke|p1|Pelipper, L50, M|\n|poke|p1|Amoonguss, L50, M|\n|poke|p1|Incineroar, L50, F|\n|poke|p1|Basculegion, L50, M|\n|poke|p1|Dragonite, L50, F|\n|poke|p2|Sinistcha, L50|\n|poke|p2|Incineroar, L50, F|\n|poke|p2|Araquanid, L50, M|\n|poke|p2|Electabuzz, L50, M|\n|poke|p2|Weezing, L50, M|\n|poke|p2|Kommo-o, L50, F|\n|teampreview|4\n|j| laslfg81\n|l|\u2606CarryTheBoats\n|player|p1|\n|j|\u2606CarryTheBoats\n|player|p1|CarryTheBoats|crasherwake|\n|\n|t:|1733160674\n|start\n|switch|p1a: Dragonite|Dragonite, L50, F|100\/100\n|switch|p1b: Archaludon|Archaludon, L50, F, shiny|100\/100\n|switch|p2a: Electabuzz|Electabuzz, L50, M|100\/100\n|switch|p2b: Kommo-o|Kommo-o, L50, F|100\/100\n|turn|1\n|\n|t:|1733160715\n|-terastallize|p2b: Kommo-o|Steel\n|move|p2b: Kommo-o|Clangorous Soul|p2b: Kommo-o\n|-boost|p2b: Kommo-o|atk|1\n|-boost|p2b: Kommo-o|def|1\n|-boost|p2b: Kommo-o|spa|1\n|-boost|p2b: Kommo-o|spd|1\n|-boost|p2b: Kommo-o|spe|1\n|-damage|p2b: Kommo-o|68\/100\n|-enditem|p2b: Kommo-o|Throat Spray\n|-boost|p2b: Kommo-o|spa|1|[from] item: Throat Spray\n|move|p1a: Dragonite|Scale Shot|p2b: Kommo-o\n|-resisted|p2b: Kommo-o\n|-damage|p2b: Kommo-o|63\/100\n|-resisted|p2b: Kommo-o\n|-damage|p2b: Kommo-o|58\/100\n|-resisted|p2b: Kommo-o\n|-damage|p2b: Kommo-o|54\/100\n|-resisted|p2b: Kommo-o\n|-damage|p2b: Kommo-o|50\/100\n|-resisted|p2b: Kommo-o\n|-crit|p2b: Kommo-o\n|-damage|p2b: Kommo-o|40\/100\n|-hitcount|p2b: Kommo-o|5\n|-unboost|p1a: Dragonite|def|1\n|-boost|p1a: Dragonite|spe|1\n|move|p2a: Electabuzz|Volt Switch|p1a: Dragonite\n|-damage|p1a: Dragonite|88\/100\n|\n|t:|1733160722\n|switch|p2a: Sinistcha|Sinistcha, L50|100\/100|[from] Volt Switch\n|-heal|p2b: Kommo-o|65\/100|[from] ability: Hospitality|[of] p2a: Sinistcha\n|move|p1b: Archaludon|Flash Cannon|p2b: Kommo-o\n|-resisted|p2b: Kommo-o\n|-damage|p2b: Kommo-o|51\/100\n|\n|upkeep\n|turn|2\n|\n|t:|1733160748\n|move|p1a: Dragonite|Protect|p1a: Dragonite\n|-singleturn|p1a: Dragonite|Protect\n|move|p2a: Sinistcha|Rage Powder|p2a: Sinistcha\n|-singleturn|p2a: Sinistcha|move: Rage Powder\n|move|p2b: Kommo-o|Flash Cannon|p1a: Dragonite\n|-activate|p1a: Dragonite|move: Protect\n|move|p1b: Archaludon|Body Press|p2a: Sinistcha\n|-immune|p2a: Sinistcha\n|\n|upkeep\n|turn|3\n|\n|t:|1733160771\n|-terastallize|p1a: Dragonite|Fairy\n|move|p2a: Sinistcha|Rage Powder|p2a: Sinistcha\n|-singleturn|p2a: Sinistcha|move: Rage Powder\n|move|p2b: Kommo-o|Clanging Scales|p1b: Archaludon|[spread] p1b\n|-immune|p1a: Dragonite\n|-damage|p1b: Archaludon|44\/100\n|-ability|p1b: Archaludon|Stamina|boost\n|-boost|p1b: Archaludon|def|1\n|-unboost|p2b: Kommo-o|def|1\n|move|p1a: Dragonite|Haze|p1a: Dragonite\n|-clearallboost\n|move|p1b: Archaludon|Dragon Pulse|p2a: Sinistcha\n|-damage|p2a: Sinistcha|48\/100\n|\n|upkeep\n|turn|4\n|\n|t:|1733160793\n|switch|p2a: Incineroar|Incineroar, L50, F|100\/100\n|-ability|p2a: Incineroar|Intimidate|boost\n|-unboost|p1a: Dragonite|atk|1\n|-unboost|p1b: Archaludon|atk|1\n|move|p2b: Kommo-o|Aura Sphere|p1b: Archaludon\n|-supereffective|p1b: Archaludon\n|-damage|p1b: Archaludon|0 fnt\n|faint|p1b: Archaludon\n|move|p1a: Dragonite|Scale Shot|p2a: Incineroar\n|-damage|p2a: Incineroar|91\/100\n|-damage|p2a: Incineroar|82\/100\n|-damage|p2a: Incineroar|72\/100\n|-crit|p2a: Incineroar\n|-damage|p2a: Incineroar|52\/100\n|-hitcount|p2a: Incineroar|4\n|-unboost|p1a: Dragonite|def|1\n|-boost|p1a: Dragonite|spe|1\n|\n|upkeep\n|\n|t:|1733160800\n|switch|p1b: Pelipper|Pelipper, L50, M|100\/100\n|-weather|RainDance|[from] ability: Drizzle|[of] p1b: Pelipper\n|turn|5\n|\n|t:|1733160831\n|move|p2a: Incineroar|Fake Out|p1b: Pelipper\n|-damage|p1b: Pelipper|86\/100\n|move|p1a: Dragonite|Scale Shot|p2a: Incineroar\n|-damage|p2a: Incineroar|43\/100\n|-enditem|p2a: Incineroar|Sitrus Berry|[eat]\n|-heal|p2a: Incineroar|68\/100|[from] item: Sitrus Berry\n|-damage|p2a: Incineroar|58\/100\n|-damage|p2a: Incineroar|50\/100\n|-damage|p2a: Incineroar|41\/100\n|-damage|p2a: Incineroar|32\/100\n|-hitcount|p2a: Incineroar|5\n|-unboost|p1a: Dragonite|def|1\n|-boost|p1a: Dragonite|spe|1\n|move|p2b: Kommo-o|Clangorous Soul|p2b: Kommo-o\n|-boost|p2b: Kommo-o|atk|1\n|-boost|p2b: Kommo-o|def|1\n|-boost|p2b: Kommo-o|spa|1\n|-boost|p2b: Kommo-o|spd|1\n|-boost|p2b: Kommo-o|spe|1\n|-damage|p2b: Kommo-o|18\/100\n|cant|p1b: Pelipper|flinch\n|\n|-weather|RainDance|[upkeep]\n|upkeep\n|turn|6\n|\n|t:|1733160876\n|switch|p2a: Sinistcha|Sinistcha, L50|48\/100\n|-heal|p2b: Kommo-o|43\/100|[from] ability: Hospitality|[of] p2a: Sinistcha\n|move|p1a: Dragonite|Haze|p1a: Dragonite\n|-clearallboost\n|move|p2b: Kommo-o|Flash Cannon|p1a: Dragonite\n|-supereffective|p1a: Dragonite\n|-damage|p1a: Dragonite|14\/100\n|move|p1b: Pelipper|Tailwind|p1b: Pelipper\n|-sidestart|p1: CarryTheBoats|move: Tailwind\n|\n|-weather|RainDance|[upkeep]\n|upkeep\n|turn|7\n|\n|t:|1733160893\n|switch|p2b: Electabuzz|Electabuzz, L50, M|100\/100\n|switch|p2a: Incineroar|Incineroar, L50, F|32\/100\n|-ability|p2a: Incineroar|Intimidate|boost\n|-unboost|p1a: Dragonite|atk|1\n|-unboost|p1b: Pelipper|atk|1\n|move|p1a: Dragonite|Scale Shot|p2a: Incineroar\n|-damage|p2a: Incineroar|24\/100\n|-damage|p2a: Incineroar|14\/100\n|-damage|p2a: Incineroar|4\/100\n|-damage|p2a: Incineroar|0 fnt\n|faint|p2a: Incineroar\n|-hitcount|p2: Incineroar|4\n|-unboost|p1a: Dragonite|def|1\n|-boost|p1a: Dragonite|spe|1\n|move|p1b: Pelipper|Weather Ball|p2b: Electabuzz\n|-damage|p2b: Electabuzz|50\/100\n|\n|-weather|RainDance|[upkeep]\n|upkeep\n|\n|t:|1733160911\n|switch|p2a: Sinistcha|Sinistcha, L50|48\/100\n|-heal|p2b: Electabuzz|75\/100|[from] ability: Hospitality|[of] p2a: Sinistcha\n|turn|8\n|\n|t:|1733160930\n|move|p2a: Sinistcha|Rage Powder|p2a: Sinistcha\n|-singleturn|p2a: Sinistcha|move: Rage Powder\n|move|p1a: Dragonite|Scale Shot|p2a: Sinistcha\n|-damage|p2a: Sinistcha|38\/100\n|-damage|p2a: Sinistcha|28\/100\n|-damage|p2a: Sinistcha|19\/100\n|-damage|p2a: Sinistcha|10\/100\n|-damage|p2a: Sinistcha|0 fnt\n|faint|p2a: Sinistcha\n|-hitcount|p2: Sinistcha|5\n|-unboost|p1a: Dragonite|def|1\n|-boost|p1a: Dragonite|spe|1\n|move|p1b: Pelipper|Weather Ball|p2b: Electabuzz\n|-damage|p2b: Electabuzz|23\/100\n|move|p2b: Electabuzz|Volt Switch|p1b: Pelipper\n|-supereffective|p1b: Pelipper\n|-damage|p1b: Pelipper|0 fnt\n|faint|p1b: Pelipper\n|\n|t:|1733160949\n|switch|p2b: Kommo-o|Kommo-o, L50, F, tera:Steel|43\/100|[from] Volt Switch\n|\n|-weather|RainDance|[upkeep]\n|upkeep\n|\n|t:|1733160951\n|switch|p1b: Amoonguss|Amoonguss, L50, M|100\/100\n|switch|p2a: Electabuzz|Electabuzz, L50, M|23\/100\n|turn|9\n|j| Peroquecuones\n|\n|t:|1733160964\n|move|p2a: Electabuzz|Protect|p2a: Electabuzz\n|-singleturn|p2a: Electabuzz|Protect\n|move|p1b: Amoonguss|Rage Powder|p1b: Amoonguss\n|-singleturn|p1b: Amoonguss|move: Rage Powder\n|move|p1a: Dragonite|Stomping Tantrum|p2b: Kommo-o\n|-supereffective|p2b: Kommo-o\n|-damage|p2b: Kommo-o|9\/100\n|move|p2b: Kommo-o|Flash Cannon|p1b: Amoonguss\n|-damage|p1b: Amoonguss|70\/100\n|\n|-weather|none\n|-sideend|p1: CarryTheBoats|move: Tailwind\n|upkeep\n|turn|10\n|\n|t:|1733161026\n|move|p2a: Electabuzz|Protect|p2a: Electabuzz\n|-singleturn|p2a: Electabuzz|Protect\n|move|p1b: Amoonguss|Rage Powder|p1b: Amoonguss\n|-singleturn|p1b: Amoonguss|move: Rage Powder\n|move|p1a: Dragonite|Scale Shot|p2a: Electabuzz\n|-activate|p2a: Electabuzz|move: Protect\n|move|p2b: Kommo-o|Flash Cannon|p1b: Amoonguss\n|-damage|p1b: Amoonguss|39\/100\n|-enditem|p1b: Amoonguss|Sitrus Berry|[eat]\n|-heal|p1b: Amoonguss|64\/100|[from] item: Sitrus Berry\n|\n|upkeep\n|turn|11\n|\n|t:|1733161041\n|move|p1b: Amoonguss|Rage Powder|p1b: Amoonguss\n|-singleturn|p1b: Amoonguss|move: Rage Powder\n|move|p1a: Dragonite|Scale Shot|p2a: Electabuzz\n|-damage|p2a: Electabuzz|16\/100\n|-damage|p2a: Electabuzz|9\/100\n|-damage|p2a: Electabuzz|2\/100\n|-damage|p2a: Electabuzz|0 fnt\n|faint|p2a: Electabuzz\n|-hitcount|p2: Electabuzz|4\n|-unboost|p1a: Dragonite|def|1\n|-boost|p1a: Dragonite|spe|1\n|move|p2b: Kommo-o|Flash Cannon|p1b: Amoonguss\n|-damage|p1b: Amoonguss|35\/100\n|\n|upkeep\n|turn|12\n|\n|t:|1733161058\n|move|p1a: Dragonite|Stomping Tantrum|p2b: Kommo-o\n|-supereffective|p2b: Kommo-o\n|-damage|p2b: Kommo-o|0 fnt\n|faint|p2b: Kommo-o\n|\n|win|CarryTheBoats\n|raw|CarryTheBoats's rating: 1792 &rarr; <strong>1809<\/strong><br \/>(+17 for winning)\n|raw|futonkagebunshin's rating: 1742 &rarr; <strong>1725<\/strong><br \/>(-17 for losing)\n|l|\u2606CarryTheBoats\n|player|p1|\n|l| laslfg81\n","uploadtime":1733161331,"views":4,"formatid":"gen9vgc2024regh","rating":1725,"private":0,"password":null}