{"id":"gen9vgc2024regh-2255557825","format":"[Gen 9] VGC 2024 Reg H","players":["jayjazZa","SnarkyShane"],"log":"|j|\u2606jayjazZa\n|j|\u2606SnarkyShane\n|t:|1733187996\n|gametype|doubles\n|player|p1|jayjazZa|266|1800\n|player|p2|SnarkyShane|gambler|1713\n|teamsize|p1|6\n|teamsize|p2|6\n|gen|9\n|tier|[Gen 9] VGC 2024 Reg H\n|rated|\n|rule|Species Clause: Limit one of each Pok\u00e9mon\n|rule|Item Clause: Limit 1 of each item\n|clearpoke\n|poke|p1|Dondozo, L50, M|\n|poke|p1|Tatsugiri, L50, F|\n|poke|p1|Sneasler, L50, F|\n|poke|p1|Indeedee, L50, M|\n|poke|p1|Archaludon, L50, F|\n|poke|p1|Pelipper, L50, F|\n|poke|p2|Baxcalibur, L50, F|\n|poke|p2|Ninetales-Alola, L50, F|\n|poke|p2|Sneasler, L50, F|\n|poke|p2|Ceruledge, L50, F|\n|poke|p2|Rillaboom, L50, F|\n|poke|p2|Gastrodon, L50, M|\n|teampreview|4\n|inactive|Battle timer is ON: inactive players will automatically lose when time's up. (requested by SnarkyShane)\n|inactive|jayjazZa also wants the timer to be on.\n|inactive|SnarkyShane has 60 seconds left.\n|\n|t:|1733188040\n|start\n|switch|p1a: Indeedee|Indeedee, L50, M|100\/100\n|switch|p1b: Sneasler|Sneasler, L50, F|100\/100\n|switch|p2a: BULXcaliber|Baxcalibur, L50, F|100\/100\n|switch|p2b: Ringo|Rillaboom, L50, F|100\/100\n|-fieldstart|move: Psychic Terrain|[from] ability: Psychic Surge|[of] p1a: Indeedee\n|-enditem|p1b: Sneasler|Psychic Seed\n|-boost|p1b: Sneasler|spd|1|[from] item: Psychic Seed\n|-fieldstart|move: Grassy Terrain|[from] ability: Grassy Surge|[of] p2b: Ringo\n|turn|1\n|\n|t:|1733188052\n|switch|p1a: Archaludon|Archaludon, L50, F|100\/100\n|move|p1b: Sneasler|Protect|p1b: Sneasler\n|-singleturn|p1b: Sneasler|Protect\n|move|p2b: Ringo|Fake Out|p1b: Sneasler\n|-activate|p1b: Sneasler|move: Protect\n|move|p2a: BULXcaliber|Dragon Dance|p2a: BULXcaliber\n|-boost|p2a: BULXcaliber|atk|1\n|-boost|p2a: BULXcaliber|spe|1\n|\n|upkeep\n|turn|2\n|\n|t:|1733188069\n|move|p2a: BULXcaliber|Protect|p2a: BULXcaliber\n|-singleturn|p2a: BULXcaliber|Protect\n|move|p1b: Sneasler|Dire Claw|p2a: BULXcaliber\n|-activate|p2a: BULXcaliber|move: Protect\n|move|p1a: Archaludon|Draco Meteor|p2a: BULXcaliber\n|-activate|p2a: BULXcaliber|move: Protect\n|move|p2b: Ringo|U-turn|p1b: Sneasler\n|-resisted|p1b: Sneasler\n|-damage|p1b: Sneasler|90\/100\n|\n|t:|1733188083\n|switch|p2b: Elsa|Ninetales-Alola, L50, F|100\/100|[from] U-turn\n|-weather|Snow|[from] ability: Snow Warning|[of] p2b: Elsa\n|\n|-weather|Snow|[upkeep]\n|-heal|p1b: Sneasler|95\/100|[from] Grassy Terrain\n|upkeep\n|turn|3\n|\n|t:|1733188092\n|-terastallize|p2a: BULXcaliber|Fire\n|move|p1b: Sneasler|Dire Claw|p2b: Elsa\n|-supereffective|p2b: Elsa\n|-damage|p2b: Elsa|2\/100\n|-status|p2b: Elsa|psn\n|move|p2a: BULXcaliber|Dragon Dance|p2a: BULXcaliber\n|-boost|p2a: BULXcaliber|atk|1\n|-boost|p2a: BULXcaliber|spe|1\n|move|p2b: Elsa|Aurora Veil|p2b: Elsa\n|-sidestart|p2: SnarkyShane|move: Aurora Veil\n|move|p1a: Archaludon|Draco Meteor|p2a: BULXcaliber\n|-damage|p2a: BULXcaliber|65\/100\n|-unboost|p1a: Archaludon|spa|2\n|\n|-weather|Snow|[upkeep]\n|-heal|p2a: BULXcaliber|71\/100|[from] ability: Ice Body\n|-heal|p1b: Sneasler|100\/100|[from] Grassy Terrain\n|-heal|p2a: BULXcaliber|77\/100|[from] Grassy Terrain\n|-heal|p2b: Elsa|8\/100 psn|[from] Grassy Terrain\n|-damage|p2b: Elsa|0 fnt|[from] psn\n|faint|p2b: Elsa\n|upkeep\n|\n|t:|1733188109\n|switch|p2b: Aquarium Cleaner|Gastrodon, L50, M|100\/100\n|turn|4\n|\n|t:|1733188122\n|switch|p1a: Pelipper|Pelipper, L50, F|100\/100\n|-weather|RainDance|[from] ability: Drizzle|[of] p1a: Pelipper\n|move|p1b: Sneasler|Dire Claw|p2a: BULXcaliber\n|-damage|p2a: BULXcaliber|52\/100\n|move|p2a: BULXcaliber|Icicle Crash|p1b: Sneasler\n|-damage|p1b: Sneasler|0 fnt\n|faint|p1b: Sneasler\n|move|p2b: Aquarium Cleaner|Yawn|p1a: Pelipper\n|-start|p1a: Pelipper|move: Yawn|[of] p2b: Aquarium Cleaner\n|\n|-weather|RainDance|[upkeep]\n|-heal|p2a: BULXcaliber|58\/100|[from] Grassy Terrain\n|upkeep\n|\n|t:|1733188129\n|switch|p1b: Archaludon|Archaludon, L50, F|100\/100\n|turn|5\n|inactive|SnarkyShane has 30 seconds left.\n|inactive|SnarkyShane has 20 seconds left.\n|inactive|SnarkyShane has 15 seconds left.\n|inactive|SnarkyShane has 10 seconds left.\n|\n|t:|1733188177\n|move|p2a: BULXcaliber|Icicle Crash|p1b: Archaludon\n|-damage|p1b: Archaludon|19\/100\n|-ability|p1b: Archaludon|Stamina|boost\n|-boost|p1b: Archaludon|def|1\n|cant|p1b: Archaludon|flinch\n|move|p1a: Pelipper|Tailwind|p1a: Pelipper\n|-sidestart|p1: jayjazZa|move: Tailwind\n|move|p2b: Aquarium Cleaner|Yawn|p1b: Archaludon\n|-start|p1b: Archaludon|move: Yawn|[of] p2b: Aquarium Cleaner\n|\n|-weather|RainDance|[upkeep]\n|-heal|p1b: Archaludon|25\/100|[from] Grassy Terrain\n|-heal|p2a: BULXcaliber|64\/100|[from] Grassy Terrain\n|-end|p1a: Pelipper|move: Yawn|[silent]\n|-status|p1a: Pelipper|slp\n|-fieldend|move: Grassy Terrain\n|upkeep\n|turn|6\n|\n|t:|1733188194\n|switch|p1b: Indeedee|Indeedee, L50, M|100\/100\n|-fieldstart|move: Psychic Terrain|[from] ability: Psychic Surge|[of] p1b: Indeedee\n|move|p2a: BULXcaliber|Icicle Crash|p1a: Pelipper\n|-damage|p1a: Pelipper|19\/100 slp\n|cant|p1a: Pelipper|slp\n|move|p2b: Aquarium Cleaner|Yawn|p1b: Indeedee\n|-start|p1b: Indeedee|move: Yawn|[of] p2b: Aquarium Cleaner\n|\n|-weather|RainDance|[upkeep]\n|upkeep\n|turn|7\n|\n|t:|1733188209\n|switch|p1b: Archaludon|Archaludon, L50, F|25\/100\n|move|p2a: BULXcaliber|Protect|p2a: BULXcaliber\n|-singleturn|p2a: BULXcaliber|Protect\n|cant|p1a: Pelipper|slp\n|move|p2b: Aquarium Cleaner|Earth Power|p1b: Archaludon\n|-supereffective|p1b: Archaludon\n|-damage|p1b: Archaludon|0 fnt\n|faint|p1b: Archaludon\n|\n|-weather|RainDance|[upkeep]\n|upkeep\n|\n|t:|1733188216\n|switch|p1b: Indeedee|Indeedee, L50, M|100\/100\n|turn|8\n|\n|t:|1733188231\n|switch|p2b: Ringo|Rillaboom, L50, F|100\/100\n|-fieldstart|move: Grassy Terrain|[from] ability: Grassy Surge|[of] p2b: Ringo\n|-terastallize|p1b: Indeedee|Psychic\n|move|p1b: Indeedee|Expanding Force|p2a: BULXcaliber\n|-damage|p2a: BULXcaliber|34\/100\n|move|p2a: BULXcaliber|Icicle Crash|p1b: Indeedee\n|-enditem|p1b: Indeedee|Focus Sash\n|-damage|p1b: Indeedee|1\/100\n|-curestatus|p1a: Pelipper|slp|[msg]\n|move|p1a: Pelipper|Hurricane|p2b: Ringo\n|-supereffective|p2b: Ringo\n|-damage|p2b: Ringo|63\/100\n|\n|-weather|none\n|-heal|p1b: Indeedee|7\/100|[from] Grassy Terrain\n|-heal|p2a: BULXcaliber|40\/100|[from] Grassy Terrain\n|-heal|p2b: Ringo|69\/100|[from] Grassy Terrain\n|-sideend|p1: jayjazZa|move: Tailwind\n|upkeep\n|turn|9\n|\n|t:|1733188250\n|move|p1b: Indeedee|Protect|p1b: Indeedee\n|-singleturn|p1b: Indeedee|Protect\n|move|p1a: Pelipper|Protect|p1a: Pelipper\n|-singleturn|p1a: Pelipper|Protect\n|move|p2b: Ringo|Grassy Glide|p1a: Pelipper\n|-activate|p1a: Pelipper|move: Protect\n|move|p2a: BULXcaliber|High Horsepower|p1b: Indeedee\n|-activate|p1b: Indeedee|move: Protect\n|\n|-heal|p2a: BULXcaliber|46\/100|[from] Grassy Terrain\n|-heal|p1b: Indeedee|13\/100|[from] Grassy Terrain\n|-heal|p2b: Ringo|75\/100|[from] Grassy Terrain\n|upkeep\n|turn|10\n|\n|t:|1733188260\n|move|p1b: Indeedee|Protect||[still]\n|-fail|p1b: Indeedee\n|move|p2b: Ringo|Grassy Glide|p1a: Pelipper\n|-damage|p1a: Pelipper|0 fnt\n|faint|p1a: Pelipper\n|move|p2a: BULXcaliber|High Horsepower|p1b: Indeedee\n|-damage|p1b: Indeedee|0 fnt\n|faint|p1b: Indeedee\n|\n|win|SnarkyShane\n|raw|jayjazZa's rating: 1800 &rarr; <strong>1775<\/strong><br \/>(-25 for losing)\n|raw|SnarkyShane's rating: 1713 &rarr; <strong>1738<\/strong><br \/>(+25 for winning)\n|l|\u2606jayjazZa\n|player|p1|\n|l|\u2606SnarkyShane\n|player|p2|\n","uploadtime":1733188502,"views":27,"formatid":"gen9vgc2024regh","rating":1738,"private":0,"password":null}