{"id":"gen9vgc2024regh-2255395015","format":"[Gen 9] VGC 2024 Reg H","players":["Trnsl \u9f8d","KDR-Alt-711"],"log":"|j|\u2606Trnsl \u9f8d\n|j|\u2606KDR-Alt-711\n|t:|1733170193\n|gametype|doubles\n|player|p1|Trnsl \u9f8d|265|1726\n|player|p2|KDR-Alt-711|266|1662\n|teamsize|p1|6\n|teamsize|p2|6\n|gen|9\n|tier|[Gen 9] VGC 2024 Reg H\n|rated|\n|rule|Species Clause: Limit one of each Pok\u00e9mon\n|rule|Item Clause: Limit 1 of each item\n|clearpoke\n|poke|p1|Kingambit, L50, F|\n|poke|p1|Primarina, L50, M|\n|poke|p1|Sneasler, L50, M|\n|poke|p1|Magmar, L50, F|\n|poke|p1|Rillaboom, L50, F|\n|poke|p1|Dragapult, L50, F|\n|poke|p2|Palafin, L50, F|\n|poke|p2|Kingdra, L50, F|\n|poke|p2|Politoed, L50, M|\n|poke|p2|Archaludon, L50, F|\n|poke|p2|Salamence, L50, M|\n|poke|p2|Rillaboom, L50, M|\n|teampreview|4\n|j| revplog\n|inactive|Battle timer is ON: inactive players will automatically lose when time's up. (requested by Trnsl \u9f8d)\n|l| revplog\n|\n|t:|1733170207\n|start\n|switch|p1a: Sneasler|Sneasler, L50, M|100\/100\n|switch|p1b: Dragapult|Dragapult, L50, F|100\/100\n|switch|p2a: Palafin|Palafin, L50, F, shiny|100\/100\n|switch|p2b: Kingdra|Kingdra, L50, F, shiny|100\/100\n|turn|1\n|\n|t:|1733170219\n|-terastallize|p1b: Dragapult|Dragon\n|move|p2b: Kingdra|Protect|p2b: Kingdra\n|-singleturn|p2b: Kingdra|Protect\n|move|p2a: Palafin|Protect|p2a: Palafin\n|-singleturn|p2a: Palafin|Protect\n|move|p1a: Sneasler|Fake Out|p2b: Kingdra\n|-activate|p2b: Kingdra|move: Protect\n|move|p1b: Dragapult|Outrage|p2b: Kingdra\n|-activate|p2b: Kingdra|move: Protect\n|\n|upkeep\n|turn|2\n|\n|t:|1733170234\n|detailschange|p2a: Palafin|Palafin-Hero, L50, F, shiny\n|switch|p2a: Politoed|Politoed, L50, M, shiny|100\/100\n|-weather|RainDance|[from] ability: Drizzle|[of] p2a: Politoed\n|move|p2b: Kingdra|Draco Meteor|p1b: Dragapult\n|-supereffective|p1b: Dragapult\n|-damage|p1b: Dragapult|0 fnt\n|-unboost|p2b: Kingdra|spa|2\n|faint|p1b: Dragapult\n|-damage|p2b: Kingdra|91\/100|[from] item: Life Orb\n|move|p1a: Sneasler|Close Combat|p2b: Kingdra\n|-damage|p2b: Kingdra|20\/100\n|-unboost|p1a: Sneasler|def|1\n|-unboost|p1a: Sneasler|spd|1\n|\n|-weather|RainDance|[upkeep]\n|upkeep\n|\n|t:|1733170243\n|switch|p1b: Rillaboom|Rillaboom, L50, F|100\/100\n|-fieldstart|move: Grassy Terrain|[from] ability: Grassy Surge|[of] p1b: Rillaboom\n|turn|3\n|\n|t:|1733170252\n|switch|p2b: Archaludon|Archaludon, L50, F, shiny|100\/100\n|move|p1b: Rillaboom|Grassy Glide|p2b: Archaludon\n|-resisted|p2b: Archaludon\n|-damage|p2b: Archaludon|94\/100\n|-ability|p2b: Archaludon|Stamina|boost\n|-boost|p2b: Archaludon|def|1\n|move|p1a: Sneasler|Dire Claw|p2a: Politoed\n|-crit|p2a: Politoed\n|-damage|p2a: Politoed|29\/100\n|-status|p2a: Politoed|psn\n|-enditem|p2a: Politoed|Sitrus Berry|[eat]\n|-heal|p2a: Politoed|54\/100 psn|[from] item: Sitrus Berry\n|move|p2a: Politoed|Weather Ball|p1a: Sneasler\n|-enditem|p1a: Sneasler|Focus Sash\n|-damage|p1a: Sneasler|1\/100\n|\n|-weather|RainDance|[upkeep]\n|-heal|p1a: Sneasler|7\/100|[from] Grassy Terrain\n|-heal|p2b: Archaludon|99\/100|[from] Grassy Terrain\n|-heal|p2a: Politoed|60\/100 psn|[from] Grassy Terrain\n|-damage|p2a: Politoed|47\/100 psn|[from] psn\n|upkeep\n|turn|4\n|\n|t:|1733170275\n|move|p2a: Politoed|Protect|p2a: Politoed\n|-singleturn|p2a: Politoed|Protect\n|move|p1a: Sneasler|Close Combat|p2b: Archaludon\n|-supereffective|p2b: Archaludon\n|-damage|p2b: Archaludon|36\/100\n|-unboost|p1a: Sneasler|def|1\n|-unboost|p1a: Sneasler|spd|1\n|-ability|p2b: Archaludon|Stamina|boost\n|-boost|p2b: Archaludon|def|1\n|move|p2b: Archaludon|Electro Shot||[still]\n|-prepare|p2b: Archaludon|Electro Shot\n|-boost|p2b: Archaludon|spa|1\n|-anim|p2b: Archaludon|Electro Shot|p1a: Sneasler\n|-damage|p1a: Sneasler|0 fnt\n|faint|p1a: Sneasler\n|move|p1b: Rillaboom|Wood Hammer|p2a: Politoed\n|-activate|p2a: Politoed|move: Protect\n|\n|-weather|RainDance|[upkeep]\n|-heal|p2b: Archaludon|43\/100|[from] Grassy Terrain\n|-heal|p2a: Politoed|54\/100 psn|[from] Grassy Terrain\n|-damage|p2a: Politoed|41\/100 psn|[from] psn\n|upkeep\n|\n|t:|1733170278\n|switch|p1a: Primarina|Primarina, L50, M|100\/100\n|turn|5\n|\n|t:|1733170284\n|move|p2a: Politoed|Helping Hand|p2b: Archaludon\n|-singleturn|p2b: Archaludon|Helping Hand|[of] p2a: Politoed\n|move|p2b: Archaludon|Electro Shot||[still]\n|-prepare|p2b: Archaludon|Electro Shot\n|-boost|p2b: Archaludon|spa|1\n|-anim|p2b: Archaludon|Electro Shot|p1a: Primarina\n|-supereffective|p1a: Primarina\n|-damage|p1a: Primarina|0 fnt\n|faint|p1a: Primarina\n|move|p1b: Rillaboom|Wood Hammer|p2a: Politoed\n|-supereffective|p2a: Politoed\n|-damage|p2a: Politoed|0 fnt\n|faint|p2a: Politoed\n|-damage|p1b: Rillaboom|88\/100|[from] Recoil\n|\n|-weather|RainDance|[upkeep]\n|-heal|p2b: Archaludon|49\/100|[from] Grassy Terrain\n|-heal|p1b: Rillaboom|94\/100|[from] Grassy Terrain\n|upkeep\n|\n|t:|1733170292\n|switch|p2a: Kingdra|Kingdra, L50, F, shiny|20\/100\n|turn|6\n|-message|Trnsl \u9f8d forfeited.\n|\n|win|KDR-Alt-711\n|raw|Trnsl \u9f8d's rating: 1726 &rarr; <strong>1702<\/strong><br \/>(-24 for losing)\n|raw|KDR-Alt-711's rating: 1662 &rarr; <strong>1686<\/strong><br \/>(+24 for winning)\n|l|\u2606KDR-Alt-711\n|player|p2|\n|l|\u2606Trnsl \u9f8d\n|player|p1|\n","uploadtime":1733170471,"views":22,"formatid":"gen9vgc2024regh","rating":1686,"private":0,"password":null}