{"id":"gen9vgc2024regh-2255905446","format":"[Gen 9] VGC 2024 Reg H","players":["SnarkyShane","Djjwjwwjj"],"log":"|j|\u2606SnarkyShane\n|j|\u2606Djjwjwwjj\n|t:|1733239010\n|gametype|doubles\n|player|p1|SnarkyShane|gambler|1710\n|player|p2|Djjwjwwjj|266|1769\n|teamsize|p1|6\n|teamsize|p2|6\n|gen|9\n|tier|[Gen 9] VGC 2024 Reg H\n|rated|\n|rule|Species Clause: Limit one of each Pok\u00e9mon\n|rule|Item Clause: Limit 1 of each item\n|clearpoke\n|poke|p1|Kommo-o, L50, F|\n|poke|p1|Incineroar, L50, M|\n|poke|p1|Sinistcha-Masterpiece, L50|\n|poke|p1|Kingambit, L50, M|\n|poke|p1|Ninetales-Alola, L50, M|\n|poke|p1|Sneasler, L50, F|\n|poke|p2|Palafin, L50, F|\n|poke|p2|Pelipper, L50, M|\n|poke|p2|Rillaboom, L50, F|\n|poke|p2|Electabuzz, L50, F|\n|poke|p2|Gholdengo, L50|\n|poke|p2|Incineroar, L50, F|\n|teampreview|4\n|inactive|Battle timer is ON: inactive players will automatically lose when time's up. (requested by SnarkyShane)\n|inactive|Djjwjwwjj also wants the timer to be on.\n|inactive|SnarkyShane has 60 seconds left.\n|inactive|SnarkyShane has 30 seconds left.\n|\n|t:|1733239076\n|start\n|switch|p1a: Kommo-o|Kommo-o, L50, F|100\/100\n|switch|p1b: Sneasler|Sneasler, L50, F|100\/100\n|switch|p2a: Palafin|Palafin, L50, F|100\/100\n|switch|p2b: Incineroar|Incineroar, L50, F|100\/100\n|-ability|p2b: Incineroar|Intimidate|boost\n|-unboost|p1a: Kommo-o|atk|1\n|-unboost|p1b: Sneasler|atk|1\n|turn|1\n|\n|t:|1733239096\n|switch|p1b: Incineroar|Incineroar, L50, M|100\/100\n|-ability|p1b: Incineroar|Intimidate|boost\n|-unboost|p2a: Palafin|atk|1\n|-unboost|p2b: Incineroar|atk|1\n|move|p2b: Incineroar|Fake Out|p1a: Kommo-o\n|-damage|p1a: Kommo-o|92\/100\n|move|p2a: Palafin|Flip Turn|p1b: Incineroar\n|-supereffective|p1b: Incineroar\n|-crit|p1b: Incineroar\n|-damage|p1b: Incineroar|52\/100\n|\n|t:|1733239106\n|detailschange|p2a: Palafin|Palafin-Hero, L50, F\n|switch|p2a: Gholdengo|Gholdengo, L50|100\/100|[from] Flip Turn\n|cant|p1a: Kommo-o|flinch\n|\n|upkeep\n|turn|2\n|inactive|Djjwjwwjj has 30 seconds left.\n|\n|t:|1733239132\n|switch|p1a: Sinistcha|Sinistcha-Masterpiece, L50|100\/100\n|-heal|p1b: Incineroar|77\/100|[from] ability: Hospitality|[of] p1a: Sinistcha\n|move|p2a: Gholdengo|Nasty Plot|p2a: Gholdengo\n|-boost|p2a: Gholdengo|spa|2\n|move|p2b: Incineroar|Parting Shot|p1b: Incineroar\n|-unboost|p1b: Incineroar|atk|1\n|-unboost|p1b: Incineroar|spa|1\n|\n|t:|1733239144\n|switch|p2b: Pelipper|Pelipper, L50, M|100\/100|[from] Parting Shot\n|-weather|RainDance|[from] ability: Drizzle|[of] p2b: Pelipper\n|move|p1b: Incineroar|Flare Blitz|p2a: Gholdengo\n|-supereffective|p2a: Gholdengo\n|-damage|p2a: Gholdengo|71\/100\n|-damage|p1b: Incineroar|68\/100|[from] Recoil\n|\n|-weather|RainDance|[upkeep]\n|-heal|p2a: Gholdengo|78\/100|[from] item: Leftovers\n|upkeep\n|turn|3\n|inactive|SnarkyShane has 30 seconds left.\n|inactive|Djjwjwwjj has 30 seconds left.\n|\n|t:|1733239175\n|move|p2b: Pelipper|Hurricane|p1a: Sinistcha\n|-supereffective|p1a: Sinistcha\n|-damage|p1a: Sinistcha|6\/100\n|move|p2a: Gholdengo|Make It Rain|p1a: Sinistcha|[spread] p1a,p1b\n|-resisted|p1b: Incineroar\n|-damage|p1a: Sinistcha|0 fnt\n|-damage|p1b: Incineroar|31\/100\n|-unboost|p2a: Gholdengo|spa|1\n|-enditem|p1b: Incineroar|Sitrus Berry|[eat]\n|-heal|p1b: Incineroar|55\/100|[from] item: Sitrus Berry\n|faint|p1a: Sinistcha\n|move|p1b: Incineroar|Parting Shot|p2b: Pelipper\n|-unboost|p2b: Pelipper|atk|1\n|-unboost|p2b: Pelipper|spa|1\n|\n|t:|1733239190\n|switch|p1b: Kommo-o|Kommo-o, L50, F|92\/100|[from] Parting Shot\n|\n|-weather|RainDance|[upkeep]\n|-heal|p2a: Gholdengo|84\/100|[from] item: Leftovers\n|upkeep\n|\n|t:|1733239191\n|switch|p1a: Incineroar|Incineroar, L50, M|55\/100\n|-ability|p1a: Incineroar|Intimidate|boost\n|-unboost|p2a: Gholdengo|atk|1\n|-unboost|p2b: Pelipper|atk|1\n|turn|4\n|\n|t:|1733239207\n|-terastallize|p2b: Pelipper|Ghost\n|-terastallize|p1b: Kommo-o|Steel\n|move|p1a: Incineroar|Fake Out|p2b: Pelipper\n|-immune|p2b: Pelipper\n|move|p2b: Pelipper|Hurricane|p1b: Kommo-o\n|-resisted|p1b: Kommo-o\n|-damage|p1b: Kommo-o|78\/100\n|-start|p1b: Kommo-o|confusion\n|move|p2a: Gholdengo|Make It Rain|p1a: Incineroar|[spread] p1a,p1b\n|-resisted|p1a: Incineroar\n|-resisted|p1b: Kommo-o\n|-damage|p1a: Incineroar|27\/100\n|-damage|p1b: Kommo-o|45\/100\n|-unboost|p2a: Gholdengo|spa|1\n|-activate|p1b: Kommo-o|confusion\n|-damage|p1b: Kommo-o|37\/100|[from] confusion\n|\n|-weather|RainDance|[upkeep]\n|-heal|p2a: Gholdengo|90\/100|[from] item: Leftovers\n|upkeep\n|turn|5\n|inactive|Djjwjwwjj has 30 seconds left.\n|\n|t:|1733239239\n|-activate|p1b: Kommo-o|confusion\n|move|p1b: Kommo-o|Protect|p1b: Kommo-o\n|-singleturn|p1b: Kommo-o|Protect\n|move|p2b: Pelipper|Hurricane|p1b: Kommo-o\n|-activate|p1b: Kommo-o|move: Protect\n|move|p2a: Gholdengo|Nasty Plot|p2a: Gholdengo\n|-boost|p2a: Gholdengo|spa|2\n|move|p1a: Incineroar|Darkest Lariat|p2a: Gholdengo\n|-supereffective|p2a: Gholdengo\n|-crit|p2a: Gholdengo\n|-damage|p2a: Gholdengo|0 fnt\n|faint|p2a: Gholdengo\n|\n|-weather|RainDance|[upkeep]\n|upkeep\n|\n|t:|1733239256\n|switch|p2a: Palafin|Palafin-Hero, L50, F|100\/100\n|-activate|p2a: Palafin|ability: Zero to Hero\n|turn|6\n|\n|t:|1733239268\n|switch|p1a: Sneasler|Sneasler, L50, F|100\/100\n|move|p2a: Palafin|Jet Punch|p1b: Kommo-o\n|-damage|p1b: Kommo-o|0 fnt\n|faint|p1b: Kommo-o\n|move|p2b: Pelipper|Hurricane|p1a: Sneasler\n|-supereffective|p1a: Sneasler\n|-damage|p1a: Sneasler|22\/100\n|\n|-weather|none\n|upkeep\n|\n|t:|1733239274\n|switch|p1b: Incineroar|Incineroar, L50, M|27\/100\n|-ability|p1b: Incineroar|Intimidate|boost\n|-unboost|p2a: Palafin|atk|1\n|-unboost|p2b: Pelipper|atk|1\n|turn|7\n|\n|t:|1733239286\n|move|p1a: Sneasler|Fake Out|p2a: Palafin\n|-damage|p2a: Palafin|85\/100\n|move|p2a: Palafin|Jet Punch|p1b: Incineroar\n|-supereffective|p1b: Incineroar\n|-damage|p1b: Incineroar|0 fnt\n|faint|p1b: Incineroar\n|move|p2b: Pelipper|Hurricane|p1a: Sneasler\n|-supereffective|p1a: Sneasler\n|-damage|p1a: Sneasler|0 fnt\n|faint|p1a: Sneasler\n|\n|win|Djjwjwwjj\n|raw|SnarkyShane's rating: 1710 &rarr; <strong>1693<\/strong><br \/>(-17 for losing)\n|raw|Djjwjwwjj's rating: 1769 &rarr; <strong>1786<\/strong><br \/>(+17 for winning)\n|l|\u2606SnarkyShane\n|player|p1|\n|l|\u2606Djjwjwwjj\n|player|p2|\n","uploadtime":1733239450,"views":7,"formatid":"gen9vgc2024regh","rating":1693,"private":0,"password":null}