{"id":"gen9vgc2024regh-2255852558","format":"[Gen 9] VGC 2024 Reg H","players":["juacox300","IsabellaPasquale"],"log":"|j|\u2606juacox300\n|j|\u2606IsabellaPasquale\n|t:|1733233308\n|gametype|doubles\n|player|p1|juacox300|unknown|1709\n|player|p2|IsabellaPasquale|gentleman-gen1|1811\n|teamsize|p1|6\n|teamsize|p2|6\n|gen|9\n|tier|[Gen 9] VGC 2024 Reg H\n|rated|\n|rule|Species Clause: Limit one of each Pok\u00e9mon\n|rule|Item Clause: Limit 1 of each item\n|clearpoke\n|poke|p1|Murkrow, L50, M|\n|poke|p1|Ursaluna, L50, F|\n|poke|p1|Sneasler, L50, M|\n|poke|p1|Indeedee, L50, M|\n|poke|p1|Archaludon, L50, M|\n|poke|p1|Incineroar, L50, F|\n|poke|p2|Electabuzz, L50, F|\n|poke|p2|Archaludon, L50, M|\n|poke|p2|Ninetales-Alola, L50, M|\n|poke|p2|Rillaboom, L50, M|\n|poke|p2|Armarouge, L50, F|\n|poke|p2|Ursaluna-Bloodmoon, L50, M|\n|teampreview|4\n|j| futonkagebunshin\n|inactive|Battle timer is ON: inactive players will automatically lose when time's up. (requested by IsabellaPasquale)\n|inactive|juacox300 has 60 seconds left.\n|inactive|IsabellaPasquale has 60 seconds left.\n|\n|t:|1733233433\n|start\n|switch|p1a: Archaludon|Archaludon, L50, M, shiny|100\/100\n|switch|p1b: Murkrow|Murkrow, L50, M|100\/100\n|switch|p2a: Armarouge|Armarouge, L50, F|100\/100\n|switch|p2b: Rillaboom|Rillaboom, L50, M|100\/100\n|-fieldstart|move: Grassy Terrain|[from] ability: Grassy Surge|[of] p2b: Rillaboom\n|turn|1\n|\n|t:|1733233443\n|move|p2b: Rillaboom|Fake Out|p1a: Archaludon\n|-resisted|p1a: Archaludon\n|-damage|p1a: Archaludon|95\/100\n|-ability|p1a: Archaludon|Stamina|boost\n|-boost|p1a: Archaludon|def|1\n|move|p1b: Murkrow|Rain Dance|p1b: Murkrow\n|-weather|RainDance\n|cant|p1a: Archaludon|flinch\n|move|p2a: Armarouge|Trick Room|p2a: Armarouge\n|-fieldstart|move: Trick Room|[of] p2a: Armarouge\n|\n|-weather|RainDance|[upkeep]\n|-heal|p1a: Archaludon|100\/100|[from] Grassy Terrain\n|upkeep\n|turn|2\n|\n|t:|1733233465\n|switch|p2a: Ursaluna|Ursaluna-Bloodmoon, L50, M|100\/100\n|switch|p2b: Electabuzz|Electabuzz, L50, F|100\/100\n|move|p1b: Murkrow|Brave Bird|p2b: Electabuzz\n|-resisted|p2b: Electabuzz\n|-damage|p2b: Electabuzz|86\/100\n|-damage|p1b: Murkrow|95\/100|[from] Recoil\n|move|p1a: Archaludon|Electro Shot||[still]\n|-prepare|p1a: Archaludon|Electro Shot\n|-boost|p1a: Archaludon|spa|1\n|-anim|p1a: Archaludon|Electro Shot|p2a: Ursaluna\n|-immune|p2a: Ursaluna\n|\n|-weather|RainDance|[upkeep]\n|-heal|p2b: Electabuzz|92\/100|[from] Grassy Terrain\n|upkeep\n|turn|3\n|\n|t:|1733233486\n|switch|p1b: Incineroar|Incineroar, L50, F|100\/100\n|-ability|p1b: Incineroar|Intimidate|boost\n|-unboost|p2a: Ursaluna|atk|1\n|-unboost|p2b: Electabuzz|atk|1\n|move|p1a: Archaludon|Protect|p1a: Archaludon\n|-singleturn|p1a: Archaludon|Protect\n|move|p2b: Electabuzz|Follow Me|p2b: Electabuzz\n|-singleturn|p2b: Electabuzz|move: Follow Me\n|move|p2a: Ursaluna|Earth Power|p1a: Archaludon\n|-activate|p1a: Archaludon|move: Protect\n|\n|-weather|RainDance|[upkeep]\n|-heal|p2b: Electabuzz|98\/100|[from] Grassy Terrain\n|upkeep\n|turn|4\n|inactive|IsabellaPasquale has 30 seconds left.\n|\n|t:|1733233512\n|switch|p1a: Murkrow|Murkrow, L50, M|95\/100\n|-terastallize|p2a: Ursaluna|Ghost\n|move|p2b: Electabuzz|Follow Me|p2b: Electabuzz\n|-singleturn|p2b: Electabuzz|move: Follow Me\n|move|p1b: Incineroar|Snarl|p2a: Ursaluna|[spread] p2a,p2b\n|-supereffective|p2a: Ursaluna\n|-damage|p2a: Ursaluna|74\/100\n|-damage|p2b: Electabuzz|90\/100\n|-unboost|p2a: Ursaluna|spa|1\n|-unboost|p2b: Electabuzz|spa|1\n|move|p2a: Ursaluna|Earth Power|p1a: Murkrow\n|-immune|p1a: Murkrow\n|\n|-weather|RainDance|[upkeep]\n|-heal|p2a: Ursaluna|80\/100|[from] Grassy Terrain\n|-heal|p2b: Electabuzz|96\/100|[from] Grassy Terrain\n|upkeep\n|turn|5\n|inactive|IsabellaPasquale has 30 seconds left.\n|\n|t:|1733233546\n|switch|p2a: Rillaboom|Rillaboom, L50, M|100\/100\n|move|p1b: Incineroar|Knock Off|p2a: Rillaboom\n|-damage|p2a: Rillaboom|58\/100\n|-enditem|p2a: Rillaboom|Assault Vest|[from] move: Knock Off|[of] p1b: Incineroar\n|move|p1a: Murkrow|Brave Bird|p2a: Rillaboom\n|-supereffective|p2a: Rillaboom\n|-damage|p2a: Rillaboom|0 fnt\n|faint|p2a: Rillaboom\n|-damage|p1a: Murkrow|72\/100|[from] Recoil\n|move|p2b: Electabuzz|Taunt|p1b: Incineroar\n|-start|p1b: Incineroar|move: Taunt\n|\n|-weather|none\n|-heal|p2b: Electabuzz|100\/100|[from] Grassy Terrain\n|-fieldend|move: Trick Room\n|-fieldend|move: Grassy Terrain\n|upkeep\n|\n|t:|1733233557\n|switch|p2a: Armarouge|Armarouge, L50, F|100\/100\n|turn|6\n|\n|t:|1733233577\n|switch|p1a: Tommau|Sneasler, L50, M|100\/100\n|move|p2b: Electabuzz|Electroweb|p1a: Tommau|[spread] p1a,p1b\n|-crit|p1a: Tommau\n|-damage|p1a: Tommau|73\/100\n|-damage|p1b: Incineroar|94\/100\n|-unboost|p1a: Tommau|spe|1\n|-unboost|p1b: Incineroar|spe|1\n|move|p2a: Armarouge|Heat Wave|p1a: Tommau|[spread] p1a,p1b\n|-resisted|p1b: Incineroar\n|-damage|p1a: Tommau|20\/100\n|-damage|p1b: Incineroar|84\/100\n|move|p1b: Incineroar|Snarl|p2a: Armarouge|[spread] p2a,p2b\n|-supereffective|p2a: Armarouge\n|-crit|p2a: Armarouge\n|-damage|p2a: Armarouge|62\/100\n|-damage|p2b: Electabuzz|93\/100\n|-unboost|p2a: Armarouge|spa|1\n|-unboost|p2b: Electabuzz|spa|1\n|\n|upkeep\n|turn|7\n|inactive|IsabellaPasquale has 30 seconds left.\n|inactive|IsabellaPasquale has 20 seconds left.\n|\n|t:|1733233613\n|move|p1a: Tommau|Protect|p1a: Tommau\n|-singleturn|p1a: Tommau|Protect\n|move|p2b: Electabuzz|Electroweb|p1b: Incineroar|[spread] p1b\n|-activate|p1a: Tommau|move: Protect\n|-damage|p1b: Incineroar|79\/100\n|-unboost|p1b: Incineroar|spe|1\n|move|p2a: Armarouge|Heat Wave|p1a: Tommau|[spread] p1b\n|-activate|p1a: Tommau|move: Protect\n|-resisted|p1b: Incineroar\n|-damage|p1b: Incineroar|72\/100\n|move|p1b: Incineroar|Knock Off|p2b: Electabuzz\n|-damage|p2b: Electabuzz|56\/100\n|-enditem|p2b: Electabuzz|Eviolite|[from] move: Knock Off|[of] p1b: Incineroar\n|\n|upkeep\n|turn|8\n|inactive|IsabellaPasquale has 30 seconds left.\n|\n|t:|1733233638\n|move|p2b: Electabuzz|Electroweb|p1a: Tommau|[spread] p1a,p1b\n|-damage|p1a: Tommau|12\/100\n|-damage|p1b: Incineroar|67\/100\n|-unboost|p1a: Tommau|spe|1\n|-unboost|p1b: Incineroar|spe|1\n|move|p2a: Armarouge|Heat Wave|p1b: Incineroar|[spread] \n|-miss|p2a: Armarouge|p1a: Tommau\n|-miss|p2a: Armarouge|p1b: Incineroar\n|move|p1a: Tommau|Close Combat|p2b: Electabuzz\n|-damage|p2b: Electabuzz|0 fnt\n|-unboost|p1a: Tommau|def|1\n|-unboost|p1a: Tommau|spd|1\n|faint|p2b: Electabuzz\n|move|p1b: Incineroar|Knock Off|p2a: Armarouge\n|-supereffective|p2a: Armarouge\n|-damage|p2a: Armarouge|0 fnt\n|-enditem|p2a: Armarouge|Sitrus Berry|[from] move: Knock Off|[of] p1b: Incineroar\n|faint|p2a: Armarouge\n|\n|-end|p1b: Incineroar|move: Taunt\n|upkeep\n|-message|IsabellaPasquale forfeited.\n|\n|win|juacox300\n|raw|juacox300's rating: 1709 &rarr; <strong>1735<\/strong><br \/>(+26 for winning)\n|raw|IsabellaPasquale's rating: 1811 &rarr; <strong>1785<\/strong><br \/>(-26 for losing)\n|l|\u2606IsabellaPasquale\n|player|p2|\n|l| futonkagebunshin\n|l|\u2606juacox300\n|player|p1|\n","uploadtime":1733233656,"views":16,"formatid":"gen9vgc2024regh","rating":1735,"private":0,"password":null}