{"id":"gen9vgc2024regh-2255587400","format":"[Gen 9] VGC 2024 Reg H","players":["Spler","roykeenkennedy"],"log":"|j|\u2606Spler\n|j|\u2606roykeenkennedy\n|t:|1733191643\n|gametype|doubles\n|player|p1|Spler|2|1643\n|player|p2|roykeenkennedy|alder|1780\n|teamsize|p1|6\n|teamsize|p2|6\n|gen|9\n|tier|[Gen 9] VGC 2024 Reg H\n|rated|\n|rule|Species Clause: Limit one of each Pok\u00e9mon\n|rule|Item Clause: Limit 1 of each item\n|clearpoke\n|poke|p1|Gyarados, L50, F|\n|poke|p1|Ursaluna-Bloodmoon, L50, M|\n|poke|p1|Grimmsnarl, L50, M|\n|poke|p1|Whimsicott, L50, M|\n|poke|p1|Annihilape, L50, M|\n|poke|p1|Archaludon, L50, F|\n|poke|p2|Salamence, L50, M|\n|poke|p2|Incineroar, L50, M|\n|poke|p2|Weezing, L50, F|\n|poke|p2|Dragapult, L50, F|\n|poke|p2|Ursaluna-Bloodmoon, L50, M|\n|poke|p2|Volcarona, L50, M|\n|teampreview|4\n|j| kyo9t\n|\n|t:|1733191685\n|start\n|switch|p1a: Annihilape|Annihilape, L50, M|100\/100\n|switch|p1b: Whimsicott|Whimsicott, L50, M|100\/100\n|switch|p2a: Weezing|Weezing, L50, F|100\/100\n|switch|p2b: Dragapult|Dragapult, L50, F|100\/100\n|-ability|p2a: Weezing|Neutralizing Gas\n|turn|1\n|j| Tapu_Fume\n|\n|t:|1733191716\n|-terastallize|p2b: Dragapult|Ghost\n|move|p2b: Dragapult|Tera Blast|p1b: Whimsicott|[anim] Tera Blast Ghost\n|-enditem|p1b: Whimsicott|Focus Sash\n|-damage|p1b: Whimsicott|1\/100\n|move|p1b: Whimsicott|Tailwind|p1b: Whimsicott\n|-sidestart|p1: Spler|move: Tailwind\n|move|p1a: Annihilape|Rage Fist|p2b: Dragapult\n|-supereffective|p2b: Dragapult\n|-damage|p2b: Dragapult|22\/100\n|move|p2a: Weezing|Sludge Bomb|p1a: Annihilape\n|-resisted|p1a: Annihilape\n|-damage|p1a: Annihilape|87\/100\n|\n|upkeep\n|turn|2\n|\n|t:|1733191742\n|switch|p2b: Incineroar|Incineroar, L50, M|100\/100\n|-ability|p2b: Incineroar|Intimidate|boost\n|-unboost|p1a: Annihilape|atk|1\n|-unboost|p1b: Whimsicott|atk|1\n|move|p1b: Whimsicott|Beat Up|p1a: Annihilape\n|-damage|p1a: Annihilape|85\/100\n|-damage|p1a: Annihilape|83\/100\n|-damage|p1a: Annihilape|82\/100\n|-damage|p1a: Annihilape|80\/100\n|-hitcount|p1a: Annihilape|4\n|move|p1a: Annihilape|Rage Fist|p2b: Incineroar\n|-resisted|p2b: Incineroar\n|-damage|p2b: Incineroar|55\/100\n|move|p2a: Weezing|Will-O-Wisp|p1a: Annihilape\n|-status|p1a: Annihilape|brn\n|\n|-damage|p1a: Annihilape|74\/100 brn|[from] brn\n|upkeep\n|turn|3\n|\n|t:|1733191764\n|move|p1b: Whimsicott|Beat Up|p1a: Annihilape\n|-damage|p1a: Annihilape|73\/100 brn\n|-crit|p1a: Annihilape\n|-damage|p1a: Annihilape|69\/100 brn\n|-damage|p1a: Annihilape|67\/100 brn\n|-hitcount|p1a: Annihilape|3\n|move|p1a: Annihilape|Rage Fist|p2a: Weezing\n|-damage|p2a: Weezing|45\/100\n|move|p2a: Weezing|Sludge Bomb|p1b: Whimsicott\n|-supereffective|p1b: Whimsicott\n|-damage|p1b: Whimsicott|0 fnt\n|faint|p1b: Whimsicott\n|move|p2b: Incineroar|Parting Shot|p1a: Annihilape\n|-unboost|p1a: Annihilape|atk|1\n|-unboost|p1a: Annihilape|spa|1\n|\n|t:|1733191781\n|switch|p2b: Dragapult|Dragapult, L50, F, tera:Ghost|22\/100|[from] Parting Shot\n|\n|-heal|p2a: Weezing|51\/100|[from] item: Leftovers\n|-damage|p1a: Annihilape|61\/100 brn|[from] brn\n|upkeep\n|\n|t:|1733191788\n|switch|p1b: Ursaluna|Ursaluna-Bloodmoon, L50, M|100\/100\n|turn|4\n|\n|t:|1733191797\n|switch|p2b: Incineroar|Incineroar, L50, M|55\/100\n|-ability|p2b: Incineroar|Intimidate|boost\n|-unboost|p1a: Annihilape|atk|1\n|-unboost|p1b: Ursaluna|atk|1\n|move|p1a: Annihilape|Rage Fist|p2b: Incineroar\n|-resisted|p2b: Incineroar\n|-damage|p2b: Incineroar|37\/100\n|move|p1b: Ursaluna|Blood Moon|p2a: Weezing\n|-damage|p2a: Weezing|0 fnt\n|faint|p2a: Weezing\n|-end|p2a: Weezing|ability: Neutralizing Gas\n|-damage|p1b: Ursaluna|91\/100|[from] item: Life Orb\n|\n|-damage|p1a: Annihilape|55\/100 brn|[from] brn\n|-sideend|p1: Spler|move: Tailwind\n|upkeep\n|\n|t:|1733191814\n|switch|p2a: Volcarona|Volcarona, L50, M|100\/100\n|turn|5\n|\n|t:|1733191823\n|move|p2b: Incineroar|Fake Out|p1b: Ursaluna\n|-damage|p1b: Ursaluna|83\/100\n|move|p1a: Annihilape|Rage Fist|p2a: Volcarona\n|-damage|p2a: Volcarona|54\/100\n|move|p2a: Volcarona|Quiver Dance|p2a: Volcarona\n|-boost|p2a: Volcarona|spa|1\n|-boost|p2a: Volcarona|spd|1\n|-boost|p2a: Volcarona|spe|1\n|cant|p1b: Ursaluna|flinch\n|\n|-damage|p1a: Annihilape|49\/100 brn|[from] brn\n|upkeep\n|turn|6\n|\n|t:|1733191845\n|-terastallize|p1b: Ursaluna|Normal\n|move|p2a: Volcarona|Giga Drain|p1b: Ursaluna\n|-damage|p1b: Ursaluna|38\/100\n|-heal|p2a: Volcarona|78\/100|[from] drain|[of] p1b: Ursaluna\n|move|p1a: Annihilape|Rage Fist|p2a: Volcarona\n|-damage|p2a: Volcarona|33\/100\n|move|p1b: Ursaluna|Hyper Voice|p2b: Incineroar|[spread] p2a,p2b\n|-damage|p2a: Volcarona|0 fnt\n|-damage|p2b: Incineroar|0 fnt\n|faint|p2a: Volcarona\n|faint|p2b: Incineroar\n|-damage|p1b: Ursaluna|29\/100|[from] item: Life Orb\n|\n|-damage|p1a: Annihilape|43\/100 brn|[from] brn\n|upkeep\n|\n|t:|1733191862\n|switch|p2b: Dragapult|Dragapult, L50, F, tera:Ghost|22\/100\n|turn|7\n|\n|t:|1733191868\n|move|p2b: Dragapult|Dragon Darts|p1a: Annihilape\n|-damage|p1a: Annihilape|0 fnt\n|-anim|p2b: Dragapult|Dragon Darts|p1b: Ursaluna\n|-damage|p1b: Ursaluna|0 fnt\n|faint|p1a: Annihilape\n|faint|p1b: Ursaluna\n|\n|upkeep\n|\n|t:|1733191876\n|switch|p1b: Gyarados|Gyarados, L50, F|100\/100\n|-ability|p1b: Gyarados|Intimidate|boost\n|-fail|p2b: Dragapult|unboost|[from] ability: Clear Body|[of] p2b: Dragapult\n|turn|8\n|\n|t:|1733191882\n|move|p2b: Dragapult|Dragon Darts|p1b: Gyarados\n|-damage|p1b: Gyarados|51\/100\n|-anim|p2b: Dragapult|Dragon Darts|p1b: Gyarados\n|-damage|p1b: Gyarados|8\/100\n|-enditem|p1b: Gyarados|Sitrus Berry|[eat]\n|-heal|p1b: Gyarados|33\/100|[from] item: Sitrus Berry\n|move|p1b: Gyarados|Waterfall|p2b: Dragapult\n|-damage|p2b: Dragapult|0 fnt\n|faint|p2b: Dragapult\n|\n|win|Spler\n|raw|Spler's rating: 1643 &rarr; <strong>1671<\/strong><br \/>(+28 for winning)\n|raw|roykeenkennedy's rating: 1780 &rarr; <strong>1752<\/strong><br \/>(-28 for losing)\n|l|\u2606roykeenkennedy\n|player|p2|\n","uploadtime":1733191896,"views":9,"formatid":"gen9vgc2024regh","rating":1671,"private":0,"password":null}