{"id":"gen9vgc2024regh-2255178645","format":"[Gen 9] VGC 2024 Reg H","players":["lf99po","Juan piz"],"log":"|j|\u2606lf99po\n|j|\u2606Juan piz\n|t:|1733149186\n|gametype|doubles\n|player|p1|lf99po|lucas|1697\n|player|p2|Juan piz|170|1683\n|teamsize|p1|6\n|teamsize|p2|6\n|gen|9\n|tier|[Gen 9] VGC 2024 Reg H\n|rated|\n|rule|Species Clause: Limit one of each Pok\u00e9mon\n|rule|Item Clause: Limit 1 of each item\n|clearpoke\n|poke|p1|Garganacl, L50, F|\n|poke|p1|Sneasler, L50, F|\n|poke|p1|Gholdengo, L50|\n|poke|p1|Ninetales-Alola, L50, F|\n|poke|p1|Dondozo, L50, M|\n|poke|p1|Incineroar, L50, M|\n|poke|p2|Indeedee, L50, M|\n|poke|p2|Excadrill, L50, F|\n|poke|p2|Sneasler, L50, F|\n|poke|p2|Tyranitar, L50, M|\n|poke|p2|Annihilape, L50, M|\n|poke|p2|Maushold, L50|\n|teampreview|4\n|inactive|Battle timer is ON: inactive players will automatically lose when time's up. (requested by Juan piz)\n|\n|t:|1733149264\n|start\n|switch|p1a: Dondozo|Dondozo, L50, M|100\/100\n|switch|p1b: Sneasler|Sneasler, L50, F|100\/100\n|switch|p2a: Annihilape|Annihilape, L50, M|100\/100\n|switch|p2b: Indeedee|Indeedee, L50, M|100\/100\n|-fieldstart|move: Psychic Terrain|[from] ability: Psychic Surge|[of] p2b: Indeedee\n|turn|1\n|inactive|lf99po has 30 seconds left.\n|inactive|Juan piz has 30 seconds left.\n|inactive|lf99po has 20 seconds left.\n|inactive|lf99po has 15 seconds left.\n|\n|t:|1733149306\n|move|p1a: Dondozo|Protect|p1a: Dondozo\n|-singleturn|p1a: Dondozo|Protect\n|move|p2b: Indeedee|Expanding Force|p1b: Sneasler|[spread] p1b\n|-activate|p1a: Dondozo|move: Protect\n|-supereffective|p1b: Sneasler\n|-enditem|p1b: Sneasler|Focus Sash\n|-damage|p1b: Sneasler|1\/100\n|move|p1b: Sneasler|Dire Claw|p2b: Indeedee\n|-damage|p2b: Indeedee|10\/100\n|move|p2a: Annihilape|Drain Punch|p1a: Dondozo\n|-activate|p1a: Dondozo|move: Protect\n|\n|upkeep\n|turn|2\n|inactive|Juan piz has 30 seconds left.\n|inactive|Juan piz has 20 seconds left.\n|\n|t:|1733149345\n|move|p1b: Sneasler|Close Combat|p2b: Indeedee\n|-damage|p2b: Indeedee|0 fnt\n|-unboost|p1b: Sneasler|def|1\n|-unboost|p1b: Sneasler|spd|1\n|faint|p2b: Indeedee\n|move|p2a: Annihilape|Bulk Up|p2a: Annihilape\n|-boost|p2a: Annihilape|atk|1\n|-boost|p2a: Annihilape|def|1\n|move|p1a: Dondozo|Yawn|p2a: Annihilape\n|-start|p2a: Annihilape|move: Yawn|[of] p1a: Dondozo\n|\n|upkeep\n|\n|t:|1733149357\n|switch|p2b: Tyranitar|Tyranitar, L50, M|100\/100\n|-weather|Sandstorm|[from] ability: Sand Stream|[of] p2b: Tyranitar\n|turn|3\n|inactive|lf99po has 30 seconds left.\n|inactive|Juan piz has 30 seconds left.\n|inactive|Juan piz has 20 seconds left.\n|\n|t:|1733149393\n|switch|p2a: Sneasler|Sneasler, L50, F|100\/100\n|-enditem|p2a: Sneasler|Psychic Seed\n|-boost|p2a: Sneasler|spd|1|[from] item: Psychic Seed\n|-terastallize|p2b: Tyranitar|Flying\n|move|p1b: Sneasler|Coaching|p1a: Dondozo\n|-boost|p1a: Dondozo|atk|1\n|-boost|p1a: Dondozo|def|1\n|move|p2b: Tyranitar|Knock Off|p1a: Dondozo\n|-damage|p1a: Dondozo|81\/100\n|-enditem|p1a: Dondozo|Leftovers|[from] move: Knock Off|[of] p2b: Tyranitar\n|move|p1a: Dondozo|Yawn|p2b: Tyranitar\n|-start|p2b: Tyranitar|move: Yawn|[of] p1a: Dondozo\n|\n|-weather|Sandstorm|[upkeep]\n|-damage|p2a: Sneasler|95\/100|[from] Sandstorm\n|-damage|p1b: Sneasler|0 fnt|[from] Sandstorm\n|-damage|p2b: Tyranitar|94\/100|[from] Sandstorm\n|-damage|p1a: Dondozo|75\/100|[from] Sandstorm\n|faint|p1b: Sneasler\n|upkeep\n|\n|t:|1733149404\n|switch|p1b: Ninetales|Ninetales-Alola, L50, F|100\/100\n|-weather|Snow|[from] ability: Snow Warning|[of] p1b: Ninetales\n|turn|4\n|inactive|lf99po has 30 seconds left.\n|inactive|lf99po has 20 seconds left.\n|\n|t:|1733149448\n|move|p2a: Sneasler|Dire Claw|p1a: Dondozo\n|-damage|p1a: Dondozo|59\/100\n|-status|p1a: Dondozo|psn\n|move|p1b: Ninetales|Blizzard|p2a: Sneasler|[spread] p2a,p2b\n|-supereffective|p2b: Tyranitar\n|-damage|p2a: Sneasler|60\/100\n|-damage|p2b: Tyranitar|52\/100\n|move|p2b: Tyranitar|Rock Slide|p1b: Ninetales|[spread] p1b\n|-miss|p2b: Tyranitar|p1a: Dondozo\n|-supereffective|p1b: Ninetales\n|-damage|p1b: Ninetales|44\/100\n|move|p1a: Dondozo|Liquidation|p2b: Tyranitar\n|-damage|p2b: Tyranitar|16\/100\n|-unboost|p2b: Tyranitar|def|1\n|\n|-weather|Snow|[upkeep]\n|-damage|p1a: Dondozo|47\/100 psn|[from] psn\n|-end|p2b: Tyranitar|move: Yawn|[silent]\n|-status|p2b: Tyranitar|slp\n|upkeep\n|turn|5\n|inactive|Juan piz has 30 seconds left.\n|\n|t:|1733149476\n|move|p2a: Sneasler|Dire Claw|p1b: Ninetales\n|-supereffective|p1b: Ninetales\n|-damage|p1b: Ninetales|0 fnt\n|faint|p1b: Ninetales\n|cant|p2b: Tyranitar|slp\n|move|p1a: Dondozo|Liquidation|p2a: Sneasler\n|-damage|p2a: Sneasler|0 fnt\n|faint|p2a: Sneasler\n|\n|-weather|Snow|[upkeep]\n|-damage|p1a: Dondozo|34\/100 psn|[from] psn\n|-fieldend|move: Psychic Terrain\n|upkeep\n|\n|t:|1733149488\n|switch|p2a: Annihilape|Annihilape, L50, M|100\/100\n|switch|p1b: Incineroar|Incineroar, L50, M|100\/100\n|-ability|p1b: Incineroar|Intimidate|boost\n|-unboost|p2a: Annihilape|atk|1\n|-ability|p2a: Annihilape|Defiant|boost\n|-boost|p2a: Annihilape|atk|2\n|-unboost|p2b: Tyranitar|atk|1\n|turn|6\n|\n|t:|1733149503\n|-terastallize|p1b: Incineroar|Grass\n|move|p2a: Annihilape|Protect|p2a: Annihilape\n|-singleturn|p2a: Annihilape|Protect\n|move|p1b: Incineroar|Knock Off|p2b: Tyranitar\n|-damage|p2b: Tyranitar|0 fnt\n|-enditem|p2b: Tyranitar|Assault Vest|[from] move: Knock Off|[of] p1b: Incineroar\n|faint|p2b: Tyranitar\n|move|p1a: Dondozo|Yawn|p2a: Annihilape\n|-activate|p2a: Annihilape|move: Protect\n|\n|-weather|Snow|[upkeep]\n|-damage|p1a: Dondozo|22\/100 psn|[from] psn\n|upkeep\n|turn|7\n|inactive|Juan piz has 30 seconds left.\n|\n|t:|1733149531\n|move|p2a: Annihilape|Drain Punch|p1a: Dondozo\n|-damage|p1a: Dondozo|12\/100 psn\n|move|p1b: Incineroar|Knock Off|p2a: Annihilape\n|-damage|p2a: Annihilape|55\/100\n|-enditem|p2a: Annihilape|Sitrus Berry|[from] move: Knock Off|[of] p1b: Incineroar\n|move|p1a: Dondozo|Yawn|p2a: Annihilape\n|-start|p2a: Annihilape|move: Yawn|[of] p1a: Dondozo\n|\n|-weather|Snow|[upkeep]\n|-damage|p1a: Dondozo|0 fnt|[from] psn\n|faint|p1a: Dondozo\n|upkeep\n|turn|8\n|inactive|Juan piz has 30 seconds left.\n|\n|t:|1733149556\n|move|p2a: Annihilape|Drain Punch|p1b: Incineroar\n|-damage|p1b: Incineroar|57\/100\n|-heal|p2a: Annihilape|75\/100|[from] drain|[of] p1b: Incineroar\n|move|p1b: Incineroar|Flare Blitz|p2a: Annihilape\n|-damage|p2a: Annihilape|27\/100\n|-damage|p1b: Incineroar|40\/100|[from] Recoil\n|\n|-weather|none\n|-end|p2a: Annihilape|move: Yawn|[silent]\n|-status|p2a: Annihilape|slp\n|upkeep\n|turn|9\n|\n|t:|1733149566\n|cant|p2a: Annihilape|slp\n|move|p1b: Incineroar|Flare Blitz|p2a: Annihilape\n|-damage|p2a: Annihilape|0 fnt\n|faint|p2a: Annihilape\n|-damage|p1b: Incineroar|30\/100|[from] Recoil\n|\n|win|lf99po\n|raw|lf99po's rating: 1697 &rarr; <strong>1716<\/strong><br \/>(+19 for winning)\n|raw|Juan piz's rating: 1683 &rarr; <strong>1664<\/strong><br \/>(-19 for losing)\n|l|\u2606Juan piz\n|player|p2|\n|l|\u2606lf99po\n|player|p1|\n","uploadtime":1733149840,"views":4,"formatid":"gen9vgc2024regh","rating":1664,"private":0,"password":null}