{"id":"gen9vgc2024regh-2255596604","format":"[Gen 9] VGC 2024 Reg H","players":["Spler","roykeenkennedy"],"log":"|j|\u2606Spler\n|j|\u2606roykeenkennedy\n|t:|1733192804\n|gametype|doubles\n|player|p1|Spler|2|1645\n|player|p2|roykeenkennedy|alder|1733\n|teamsize|p1|6\n|teamsize|p2|6\n|gen|9\n|tier|[Gen 9] VGC 2024 Reg H\n|rated|\n|rule|Species Clause: Limit one of each Pok\u00e9mon\n|rule|Item Clause: Limit 1 of each item\n|clearpoke\n|poke|p1|Emboar, L50, F|\n|poke|p1|Whimsicott, L50, F|\n|poke|p1|Gholdengo, L50|\n|poke|p1|Dragonite, L50, M|\n|poke|p1|Primarina, L50, M|\n|poke|p1|Rillaboom, L50, M|\n|poke|p2|Salamence, L50, M|\n|poke|p2|Incineroar, L50, F|\n|poke|p2|Weezing, L50, M|\n|poke|p2|Dragapult, L50, F|\n|poke|p2|Ursaluna-Bloodmoon, L50, M|\n|poke|p2|Volcarona, L50, F|\n|teampreview|4\n|j| ChilledLotusA\n|inactive|Battle timer is ON: inactive players will automatically lose when time's up. (requested by Spler)\n|\n|t:|1733192838\n|start\n|switch|p1a: Gholdengo|Gholdengo, L50|100\/100\n|switch|p1b: Whimsicott|Whimsicott, L50, F|100\/100\n|switch|p2a: Weezing|Weezing, L50, M|100\/100\n|switch|p2b: Dragapult|Dragapult, L50, F|100\/100\n|-ability|p2a: Weezing|Neutralizing Gas\n|turn|1\n|\n|t:|1733192854\n|-terastallize|p2b: Dragapult|Ghost\n|-terastallize|p1a: Gholdengo|Steel\n|move|p2b: Dragapult|Tera Blast|p1a: Gholdengo|[anim] Tera Blast Ghost\n|-damage|p1a: Gholdengo|8\/100\n|move|p1b: Whimsicott|Tailwind|p1b: Whimsicott\n|-sidestart|p1: Spler|move: Tailwind\n|move|p1a: Gholdengo|Make It Rain|p2a: Weezing|[spread] p2a,p2b\n|-damage|p2a: Weezing|0 fnt\n|-damage|p2b: Dragapult|0 fnt\n|-unboost|p1a: Gholdengo|spa|1\n|faint|p2a: Weezing\n|-end|p2a: Weezing|ability: Neutralizing Gas\n|faint|p2b: Dragapult\n|\n|upkeep\n|\n|t:|1733192873\n|switch|p2b: Incineroar|Incineroar, L50, F|100\/100\n|switch|p2a: Volcarona|Volcarona, L50, F|100\/100\n|-ability|p2b: Incineroar|Intimidate|boost\n|-unboost|p1a: Gholdengo|atk|1\n|-unboost|p1b: Whimsicott|atk|1\n|turn|2\n|\n|t:|1733192882\n|move|p1b: Whimsicott|Moonblast|p2b: Incineroar\n|-damage|p2b: Incineroar|72\/100\n|move|p1a: Gholdengo|Make It Rain|p2b: Incineroar|[spread] p2a,p2b\n|-resisted|p2a: Volcarona\n|-resisted|p2b: Incineroar\n|-damage|p2a: Volcarona|64\/100\n|-damage|p2b: Incineroar|43\/100\n|-unboost|p1a: Gholdengo|spa|1\n|move|p2a: Volcarona|Quiver Dance|p2a: Volcarona\n|-boost|p2a: Volcarona|spa|1\n|-boost|p2a: Volcarona|spd|1\n|-boost|p2a: Volcarona|spe|1\n|move|p2b: Incineroar|Flare Blitz|p1b: Whimsicott\n|-supereffective|p1b: Whimsicott\n|-enditem|p1b: Whimsicott|Focus Sash\n|-damage|p1b: Whimsicott|1\/100\n|-damage|p2b: Incineroar|21\/100|[from] Recoil\n|\n|upkeep\n|turn|3\n|j| kyo9t\n|j| Wanshanmeiyangcui\n|inactive|Spler has 30 seconds left.\n|inactive|roykeenkennedy has 30 seconds left.\n|\n|t:|1733192909\n|switch|p1a: Primarina|Primarina, L50, M|100\/100\n|move|p1b: Whimsicott|Encore|p2a: Volcarona\n|-start|p2a: Volcarona|Encore\n|move|p2a: Volcarona|Quiver Dance|p2a: Volcarona\n|-boost|p2a: Volcarona|spa|1\n|-boost|p2a: Volcarona|spd|1\n|-boost|p2a: Volcarona|spe|1\n|move|p2b: Incineroar|Knock Off|p1a: Primarina\n|-resisted|p1a: Primarina\n|-damage|p1a: Primarina|80\/100\n|-enditem|p1a: Primarina|Throat Spray|[from] move: Knock Off|[of] p2b: Incineroar\n|\n|upkeep\n|turn|4\n|\n|t:|1733192924\n|move|p1b: Whimsicott|Moonblast|p2a: Volcarona\n|-resisted|p2a: Volcarona\n|-damage|p2a: Volcarona|56\/100\n|move|p2a: Volcarona|Quiver Dance|p2a: Volcarona\n|-boost|p2a: Volcarona|spa|1\n|-boost|p2a: Volcarona|spd|1\n|-boost|p2a: Volcarona|spe|1\n|move|p1a: Primarina|Hyper Voice|p2a: Volcarona|[spread] p2a,p2b\n|-supereffective|p2a: Volcarona\n|-supereffective|p2b: Incineroar\n|-damage|p2a: Volcarona|29\/100\n|-damage|p2b: Incineroar|0 fnt\n|faint|p2b: Incineroar\n|\n|-sideend|p1: Spler|move: Tailwind\n|upkeep\n|turn|5\n|-message|roykeenkennedy forfeited.\n|\n|win|Spler\n|raw|Spler's rating: 1645 &rarr; <strong>1670<\/strong><br \/>(+25 for winning)\n|raw|roykeenkennedy's rating: 1733 &rarr; <strong>1708<\/strong><br \/>(-25 for losing)\n|l|\u2606roykeenkennedy\n|player|p2|\n|l| ChilledLotusA\n|l| Wanshanmeiyangcui\n","uploadtime":1733192942,"views":6,"formatid":"gen9vgc2024regh","rating":1670,"private":0,"password":null}