{"id":"gen9vgc2024regh-2255811682","format":"[Gen 9] VGC 2024 Reg H","players":["Djjwjwwjj","pokequimico2"],"log":"|j|\u2606Djjwjwwjj\n|j|\u2606pokequimico2\n|t:|1733227966\n|gametype|doubles\n|player|p1|Djjwjwwjj|266|1712\n|player|p2|pokequimico2|lucas|1694\n|teamsize|p1|6\n|teamsize|p2|6\n|gen|9\n|tier|[Gen 9] VGC 2024 Reg H\n|rated|\n|rule|Species Clause: Limit one of each Pok\u00e9mon\n|rule|Item Clause: Limit 1 of each item\n|clearpoke\n|poke|p1|Palafin, L50, M|\n|poke|p1|Pelipper, L50, M|\n|poke|p1|Rillaboom, L50, M|\n|poke|p1|Incineroar, L50, M|\n|poke|p1|Gholdengo, L50|\n|poke|p1|Electabuzz, L50, F|\n|poke|p2|Sneasler, L50, F|\n|poke|p2|Kingambit, L50, M|\n|poke|p2|Dragonite, L50, F|\n|poke|p2|Basculegion, L50, M|\n|poke|p2|Rillaboom, L50, F|\n|poke|p2|Volcarona, L50, M|\n|teampreview|4\n|inactive|Battle timer is ON: inactive players will automatically lose when time's up. (requested by Djjwjwwjj)\n|\n|t:|1733227996\n|start\n|switch|p1a: Palafin|Palafin, L50, M|100\/100\n|switch|p1b: Incineroar|Incineroar, L50, M|100\/100\n|switch|p2a: Basculegion|Basculegion, L50, M|100\/100\n|switch|p2b: Sneasler|Sneasler, L50, F|100\/100\n|-ability|p1b: Incineroar|Intimidate|boost\n|-unboost|p2a: Basculegion|atk|1\n|-unboost|p2b: Sneasler|atk|1\n|turn|1\n|inactive|Djjwjwwjj has 30 seconds left.\n|inactive|pokequimico2 has 30 seconds left.\n|inactive|pokequimico2 has 20 seconds left.\n|inactive|pokequimico2 has 15 seconds left.\n|\n|t:|1733228039\n|switch|p1b: Rillaboom|Rillaboom, L50, M|100\/100\n|-fieldstart|move: Grassy Terrain|[from] ability: Grassy Surge|[of] p1b: Rillaboom\n|move|p2b: Sneasler|Fake Out|p1a: Palafin\n|-damage|p1a: Palafin|88\/100\n|move|p2a: Basculegion|Flip Turn|p1b: Rillaboom\n|-resisted|p1b: Rillaboom\n|-damage|p1b: Rillaboom|88\/100\n|\n|t:|1733228049\n|switch|p2a: Rillaboom|Rillaboom, L50, F|100\/100|[from] Flip Turn\n|cant|p1a: Palafin|flinch\n|\n|-heal|p1a: Palafin|94\/100|[from] Grassy Terrain\n|-heal|p1b: Rillaboom|94\/100|[from] Grassy Terrain\n|upkeep\n|turn|2\n|\n|t:|1733228062\n|detailschange|p1a: Palafin|Palafin-Hero, L50, M\n|switch|p1a: Incineroar|Incineroar, L50, M|100\/100\n|-ability|p1a: Incineroar|Intimidate|boost\n|-unboost|p2a: Rillaboom|atk|1\n|-unboost|p2b: Sneasler|atk|1\n|move|p2a: Rillaboom|Fake Out|p1b: Rillaboom\n|-damage|p1b: Rillaboom|86\/100\n|cant|p1b: Rillaboom|flinch\n|move|p2b: Sneasler|Dire Claw|p1b: Rillaboom\n|-supereffective|p1b: Rillaboom\n|-damage|p1b: Rillaboom|47\/100\n|\n|-heal|p1b: Rillaboom|53\/100|[from] Grassy Terrain\n|upkeep\n|turn|3\n|inactive|Djjwjwwjj has 30 seconds left.\n|\n|t:|1733228090\n|switch|p2b: Basculegion|Basculegion, L50, M|100\/100\n|move|p2a: Rillaboom|High Horsepower|p1a: Incineroar\n|-supereffective|p1a: Incineroar\n|-damage|p1a: Incineroar|62\/100\n|move|p1b: Rillaboom|Wood Hammer|p2b: Basculegion\n|-supereffective|p2b: Basculegion\n|-damage|p2b: Basculegion|0 fnt\n|faint|p2b: Basculegion\n|-damage|p1b: Rillaboom|22\/100|[from] Recoil\n|move|p1a: Incineroar|Parting Shot|p2a: Rillaboom\n|-unboost|p2a: Rillaboom|atk|1\n|-unboost|p2a: Rillaboom|spa|1\n|\n|t:|1733228104\n|switch|p1a: Palafin|Palafin-Hero, L50, M|94\/100|[from] Parting Shot\n|-activate|p1a: Palafin|ability: Zero to Hero\n|\n|-heal|p1a: Palafin|100\/100|[from] Grassy Terrain\n|-heal|p1b: Rillaboom|28\/100|[from] Grassy Terrain\n|upkeep\n|\n|t:|1733228108\n|switch|p2b: Sneasler|Sneasler, L50, F|100\/100\n|turn|4\n|\n|t:|1733228131\n|switch|p1a: Incineroar|Incineroar, L50, M|62\/100\n|-ability|p1a: Incineroar|Intimidate|boost\n|-unboost|p2a: Rillaboom|atk|1\n|-unboost|p2b: Sneasler|atk|1\n|switch|p2a: Kingambit|Kingambit, L50, M|100\/100\n|-terastallize|p2b: Sneasler|Stellar\n|move|p2b: Sneasler|Close Combat|p1b: Rillaboom\n|-damage|p1b: Rillaboom|0 fnt\n|-unboost|p2b: Sneasler|def|1\n|-unboost|p2b: Sneasler|spd|1\n|faint|p1b: Rillaboom\n|\n|-heal|p1a: Incineroar|68\/100|[from] Grassy Terrain\n|upkeep\n|\n|t:|1733228148\n|switch|p1b: Palafin|Palafin-Hero, L50, M|100\/100\n|turn|5\n|\n|t:|1733228155\n|switch|p2b: Rillaboom|Rillaboom, L50, F|100\/100\n|move|p1a: Incineroar|Fake Out|p2b: Rillaboom\n|-damage|p2b: Rillaboom|88\/100\n|move|p1b: Palafin|Close Combat|p2a: Kingambit\n|-supereffective|p2a: Kingambit\n|-damage|p2a: Kingambit|0 fnt\n|-unboost|p1b: Palafin|def|1\n|-unboost|p1b: Palafin|spd|1\n|faint|p2a: Kingambit\n|\n|-heal|p2b: Rillaboom|94\/100|[from] Grassy Terrain\n|-heal|p1a: Incineroar|74\/100|[from] Grassy Terrain\n|-fieldend|move: Grassy Terrain\n|upkeep\n|\n|t:|1733228162\n|switch|p2a: Sneasler|Sneasler, L50, F, tera:Stellar|100\/100\n|turn|6\n|inactive|Djjwjwwjj has 30 seconds left.\n|\n|t:|1733228190\n|-terastallize|p1a: Incineroar|Ghost\n|move|p2a: Sneasler|Dire Claw|p1b: Palafin\n|-damage|p1b: Palafin|13\/100\n|move|p1b: Palafin|Close Combat|p2a: Sneasler\n|-resisted|p2a: Sneasler\n|-damage|p2a: Sneasler|37\/100\n|-unboost|p1b: Palafin|def|1\n|-unboost|p1b: Palafin|spd|1\n|move|p2b: Rillaboom|High Horsepower|p1a: Incineroar\n|-damage|p1a: Incineroar|42\/100\n|move|p1a: Incineroar|Flare Blitz|p2b: Rillaboom\n|-supereffective|p2b: Rillaboom\n|-damage|p2b: Rillaboom|0 fnt\n|faint|p2b: Rillaboom\n|-damage|p1a: Incineroar|12\/100|[from] Recoil\n|\n|upkeep\n|turn|7\n|-message|pokequimico2 forfeited.\n|\n|win|Djjwjwwjj\n|raw|Djjwjwwjj's rating: 1712 &rarr; <strong>1731<\/strong><br \/>(+19 for winning)\n|raw|pokequimico2's rating: 1694 &rarr; <strong>1675<\/strong><br \/>(-19 for losing)\n|l|\u2606pokequimico2\n|player|p2|\n|l|\u2606Djjwjwwjj\n|player|p1|\n","uploadtime":1733228434,"views":5,"formatid":"gen9vgc2024regh","rating":1675,"private":0,"password":null}