{"id":"gen9vgc2024regh-2255994070","format":"[Gen 9] VGC 2024 Reg H","players":["SnarkyShane","dalas91"],"log":"|j|\u2606SnarkyShane\n|j|\u2606dalas91\n|t:|1733247442\n|gametype|doubles\n|player|p1|SnarkyShane|gambler|1688\n|player|p2|dalas91|dragontamer|1750\n|teamsize|p1|6\n|teamsize|p2|6\n|gen|9\n|tier|[Gen 9] VGC 2024 Reg H\n|rated|\n|rule|Species Clause: Limit one of each Pok\u00e9mon\n|rule|Item Clause: Limit 1 of each item\n|clearpoke\n|poke|p1|Baxcalibur, L50, M|\n|poke|p1|Ninetales-Alola, L50, M|\n|poke|p1|Sneasler, L50, M|\n|poke|p1|Ceruledge, L50, F|\n|poke|p1|Rillaboom, L50, F|\n|poke|p1|Gastrodon, L50, F|\n|poke|p2|Archaludon, L50, M|\n|poke|p2|Whimsicott, L50, M|\n|poke|p2|Incineroar, L50, F|\n|poke|p2|Ursaluna-Bloodmoon, L50, M|\n|poke|p2|Basculegion, L50, M|\n|poke|p2|Annihilape, L50, F|\n|teampreview|4\n|inactive|Battle timer is ON: inactive players will automatically lose when time's up. (requested by SnarkyShane)\n|inactive|SnarkyShane has 60 seconds left.\n|inactive|dalas91 has 60 seconds left.\n|\n|t:|1733247492\n|start\n|switch|p1a: Elsa|Ninetales-Alola, L50, M|100\/100\n|switch|p1b: Gesundheit|Sneasler, L50, M|100\/100\n|switch|p2a: Whimsicott|Whimsicott, L50, M|100\/100\n|switch|p2b: Annihilape|Annihilape, L50, F|100\/100\n|-weather|Snow|[from] ability: Snow Warning|[of] p1a: Elsa\n|turn|1\n|inactive|dalas91 has 30 seconds left.\n|inactive|dalas91 has 20 seconds left.\n|inactive|dalas91 has 15 seconds left.\n|inactive|dalas91 has 10 seconds left.\n|\n|t:|1733247541\n|switch|p2a: Archaludon|Archaludon, L50, M|100\/100\n|-terastallize|p2b: Annihilape|Fire\n|move|p1b: Gesundheit|Dire Claw|p2a: Archaludon\n|-immune|p2a: Archaludon\n|move|p2b: Annihilape|Rock Slide|p1a: Elsa|[spread] p1a,p1b\n|-supereffective|p1a: Elsa\n|-resisted|p1b: Gesundheit\n|-damage|p1a: Elsa|60\/100\n|-damage|p1b: Gesundheit|83\/100\n|cant|p1a: Elsa|flinch\n|\n|-weather|Snow|[upkeep]\n|upkeep\n|turn|2\n|inactive|SnarkyShane has 30 seconds left.\n|j| 413XP\n|\n|t:|1733247573\n|switch|p2a: Basculegion|Basculegion, L50, M, shiny|100\/100\n|move|p1b: Gesundheit|Close Combat|p2a: Basculegion\n|-immune|p2a: Basculegion\n|move|p2b: Annihilape|Rock Slide|p1a: Elsa|[spread] p1a,p1b\n|-supereffective|p1a: Elsa\n|-resisted|p1b: Gesundheit\n|-damage|p1a: Elsa|21\/100\n|-damage|p1b: Gesundheit|67\/100\n|cant|p1a: Elsa|flinch\n|\n|-weather|Snow|[upkeep]\n|upkeep\n|turn|3\n|\n|t:|1733247597\n|switch|p1a: Aquarium Cleaner|Gastrodon, L50, F|100\/100\n|move|p2a: Basculegion|Protect|p2a: Basculegion\n|-singleturn|p2a: Basculegion|Protect\n|move|p1b: Gesundheit|Dire Claw|p2b: Annihilape\n|-damage|p2b: Annihilape|57\/100\n|move|p2b: Annihilape|Rock Slide|p1b: Gesundheit|[spread] p1a,p1b\n|-resisted|p1a: Aquarium Cleaner\n|-crit|p1a: Aquarium Cleaner\n|-resisted|p1b: Gesundheit\n|-damage|p1a: Aquarium Cleaner|88\/100\n|-damage|p1b: Gesundheit|52\/100\n|\n|-weather|Snow|[upkeep]\n|-heal|p1a: Aquarium Cleaner|94\/100|[from] item: Leftovers\n|upkeep\n|turn|4\n|inactive|dalas91 has 30 seconds left.\n|inactive|dalas91 has 20 seconds left.\n|inactive|dalas91 has 15 seconds left.\n|\n|t:|1733247639\n|switch|p2b: Archaludon|Archaludon, L50, M|100\/100\n|move|p1b: Gesundheit|Dire Claw|p2b: Archaludon\n|-immune|p2b: Archaludon\n|move|p2a: Basculegion|Last Respects|p1b: Gesundheit\n|-damage|p1b: Gesundheit|0 fnt\n|faint|p1b: Gesundheit\n|-damage|p2a: Basculegion|91\/100|[from] item: Life Orb\n|move|p1a: Aquarium Cleaner|Earth Power|p2b: Archaludon\n|-supereffective|p2b: Archaludon\n|-damage|p2b: Archaludon|60\/100\n|-ability|p2b: Archaludon|Stamina|boost\n|-boost|p2b: Archaludon|def|1\n|\n|-weather|Snow|[upkeep]\n|-heal|p1a: Aquarium Cleaner|99\/100|[from] item: Leftovers\n|upkeep\n|\n|t:|1733247654\n|switch|p1b: BULXcaliber|Baxcalibur, L50, M|100\/100\n|turn|5\n|\n|t:|1733247678\n|-terastallize|p1b: BULXcaliber|Fire\n|move|p2a: Basculegion|Protect|p2a: Basculegion\n|-singleturn|p2a: Basculegion|Protect\n|move|p1b: BULXcaliber|Dragon Dance|p1b: BULXcaliber\n|-boost|p1b: BULXcaliber|atk|1\n|-boost|p1b: BULXcaliber|spe|1\n|move|p2b: Archaludon|Body Press|p1b: BULXcaliber\n|-damage|p1b: BULXcaliber|67\/100\n|move|p1a: Aquarium Cleaner|Yawn|p2a: Basculegion\n|-activate|p2a: Basculegion|move: Protect\n|\n|-weather|none\n|-heal|p1a: Aquarium Cleaner|100\/100|[from] item: Leftovers\n|upkeep\n|turn|6\n|inactive|SnarkyShane has 30 seconds left.\n|inactive|dalas91 has 30 seconds left.\n|inactive|SnarkyShane has 20 seconds left.\n|inactive|dalas91 has 20 seconds left.\n|inactive|SnarkyShane has 15 seconds left.\n|inactive|SnarkyShane has 10 seconds left.\n|\n|t:|1733247723\n|switch|p2a: Annihilape|Annihilape, L50, F, tera:Fire|57\/100\n|move|p1b: BULXcaliber|Dragon Dance|p1b: BULXcaliber\n|-boost|p1b: BULXcaliber|atk|1\n|-boost|p1b: BULXcaliber|spe|1\n|move|p2b: Archaludon|Body Press|p1b: BULXcaliber\n|-damage|p1b: BULXcaliber|29\/100\n|move|p1a: Aquarium Cleaner|Yawn|p2a: Annihilape\n|-start|p2a: Annihilape|move: Yawn|[of] p1a: Aquarium Cleaner\n|\n|upkeep\n|turn|7\n|inactive|SnarkyShane has 30 seconds left.\n|inactive|dalas91 has 30 seconds left.\n|inactive|SnarkyShane has 20 seconds left.\n|inactive|dalas91 has 20 seconds left.\n|inactive|dalas91 has 15 seconds left.\n|inactive|dalas91 has 10 seconds left.\n|\n|t:|1733247773\n|move|p1b: BULXcaliber|High Horsepower|p2b: Archaludon\n|-supereffective|p2b: Archaludon\n|-damage|p2b: Archaludon|0 fnt\n|faint|p2b: Archaludon\n|move|p2a: Annihilape|Close Combat|p1b: BULXcaliber\n|-damage|p1b: BULXcaliber|0 fnt\n|-unboost|p2a: Annihilape|def|1\n|-unboost|p2a: Annihilape|spd|1\n|faint|p1b: BULXcaliber\n|move|p1a: Aquarium Cleaner|Yawn||[still]\n|-fail|p1a: Aquarium Cleaner\n|\n|-end|p2a: Annihilape|move: Yawn|[silent]\n|-status|p2a: Annihilape|slp\n|upkeep\n|\n|t:|1733247793\n|switch|p1b: Elsa|Ninetales-Alola, L50, M|21\/100\n|switch|p2b: Whimsicott|Whimsicott, L50, M|100\/100\n|-weather|Snow|[from] ability: Snow Warning|[of] p1b: Elsa\n|turn|8\n|\n|t:|1733247817\n|move|p2b: Whimsicott|Moonblast|p1b: Elsa\n|-damage|p1b: Elsa|0 fnt\n|faint|p1b: Elsa\n|cant|p2a: Annihilape|slp\n|move|p1a: Aquarium Cleaner|Clear Smog|p2b: Whimsicott\n|-supereffective|p2b: Whimsicott\n|-damage|p2b: Whimsicott|28\/100\n|-clearboost|p2b: Whimsicott\n|\n|-weather|Snow|[upkeep]\n|upkeep\n|turn|9\n|inactive|dalas91 has 30 seconds left.\n|\n|t:|1733247846\n|move|p2b: Whimsicott|Encore|p1a: Aquarium Cleaner\n|-start|p1a: Aquarium Cleaner|Encore\n|cant|p2a: Annihilape|slp\n|move|p1a: Aquarium Cleaner|Clear Smog|p2b: Whimsicott\n|-supereffective|p2b: Whimsicott\n|-damage|p2b: Whimsicott|0 fnt\n|-clearboost|p2b: Whimsicott\n|faint|p2b: Whimsicott\n|\n|-weather|Snow|[upkeep]\n|upkeep\n|-message|SnarkyShane forfeited.\n|\n|win|dalas91\n|raw|SnarkyShane's rating: 1688 &rarr; <strong>1672<\/strong><br \/>(-16 for losing)\n|raw|dalas91's rating: 1750 &rarr; <strong>1766<\/strong><br \/>(+16 for winning)\n|l|\u2606SnarkyShane\n|player|p1|\n|l|\u2606dalas91\n|player|p2|\n|l| 413XP\n|j|\u2606dalas91\n|player|p2|dalas91|dragontamer|\n|l|\u2606dalas91\n|player|p2|\n","uploadtime":1733247864,"views":39,"formatid":"gen9vgc2024regh","rating":1672,"private":0,"password":null}