{"id":"gen9vgc2024regh-2255391515","format":"[Gen 9] VGC 2024 Reg H","players":["anton19","Brave12223"],"log":"|j|\u2606anton19\n|j|\u2606Brave12223\n|t:|1733169858\n|gametype|doubles\n|player|p1|anton19|170|1723\n|player|p2|Brave12223|ingo|1783\n|teamsize|p1|6\n|teamsize|p2|6\n|gen|9\n|tier|[Gen 9] VGC 2024 Reg H\n|rated|\n|rule|Species Clause: Limit one of each Pok\u00e9mon\n|rule|Item Clause: Limit 1 of each item\n|clearpoke\n|poke|p1|Electabuzz, L50, M|\n|poke|p1|Kingambit, L50, F|\n|poke|p1|Sneasler, L50, M|\n|poke|p1|Rillaboom, L50, F|\n|poke|p1|Primarina, L50, F|\n|poke|p1|Dragonite, L50, M|\n|poke|p2|Garchomp, L50, F|\n|poke|p2|Talonflame, L50, M|\n|poke|p2|Gastrodon, L50, F|\n|poke|p2|Kingambit, L50, M|\n|poke|p2|Tyranitar, L50, F|\n|poke|p2|Sinistcha, L50|\n|teampreview|4\n|inactive|Battle timer is ON: inactive players will automatically lose when time's up. (requested by anton19)\nanton19 has agreed to open team sheets.\n|inactive|anton19 has 60 seconds left.\n|\n|t:|1733169898\n|start\n|switch|p1a: Sneasler|Sneasler, L50, M|100\/100\n|switch|p1b: Kingambit|Kingambit, L50, F|100\/100\n|switch|p2a: Talonflame|Talonflame, L50, M|100\/100\n|switch|p2b: Garchomp|Garchomp, L50, F|100\/100\n|turn|1\n|inactive|Brave12223 has 30 seconds left.\n|j| revplog\n|\n|t:|1733169928\n|move|p1b: Kingambit|Protect|p1b: Kingambit\n|-singleturn|p1b: Kingambit|Protect\n|move|p2a: Talonflame|Tailwind|p2a: Talonflame\n|-sidestart|p2: Brave12223|move: Tailwind\n|move|p2b: Garchomp|Earthquake|p1b: Kingambit|[spread] p1a\n|-activate|p1b: Kingambit|move: Protect\n|-immune|p2a: Talonflame\n|-supereffective|p1a: Sneasler\n|-enditem|p1a: Sneasler|Focus Sash\n|-damage|p1a: Sneasler|1\/100\n|move|p1a: Sneasler|Coaching|p1b: Kingambit\n|-boost|p1b: Kingambit|atk|1\n|-boost|p1b: Kingambit|def|1\n|\n|upkeep\n|turn|2\n|inactive|anton19 has 30 seconds left.\n|\n|t:|1733169955\n|-terastallize|p2b: Garchomp|Ground\n|-terastallize|p1b: Kingambit|Dark\n|move|p2a: Talonflame|Brave Bird|p1a: Sneasler\n|-supereffective|p1a: Sneasler\n|-damage|p1a: Sneasler|0 fnt\n|faint|p1a: Sneasler\n|-damage|p2a: Talonflame|99\/100|[from] Recoil\n|move|p1b: Kingambit|Sucker Punch|p2b: Garchomp\n|-damage|p2b: Garchomp|0 fnt\n|faint|p2b: Garchomp\n|\n|upkeep\n|\n|t:|1733169973\n|switch|p1a: Electabuzz|Electabuzz, L50, M|100\/100\n|switch|p2b: Tyranitar|Tyranitar, L50, F|100\/100\n|-weather|Sandstorm|[from] ability: Sand Stream|[of] p2b: Tyranitar\n|turn|3\n|\n|t:|1733169986\n|move|p1a: Electabuzz|Follow Me|p1a: Electabuzz\n|-singleturn|p1a: Electabuzz|move: Follow Me\n|move|p2a: Talonflame|Will-O-Wisp|p1a: Electabuzz|[miss]\n|-miss|p2a: Talonflame|p1a: Electabuzz\n|move|p2b: Tyranitar|Rock Slide|p1b: Kingambit|[spread] p1a,p1b\n|-damage|p1a: Electabuzz|77\/100\n|-damage|p1b: Kingambit|83\/100\n|move|p1b: Kingambit|Kowtow Cleave|p2a: Talonflame\n|-damage|p2a: Talonflame|0 fnt\n|faint|p2a: Talonflame\n|\n|-weather|Sandstorm|[upkeep]\n|-damage|p1a: Electabuzz|71\/100|[from] Sandstorm\n|-damage|p1b: Kingambit|77\/100|[from] Sandstorm\n|upkeep\n|\n|t:|1733169995\n|switch|p2a: Sinistcha|Sinistcha, L50|100\/100\n|turn|4\n|l| revplog\n|\n|t:|1733170007\n|move|p1b: Kingambit|Protect|p1b: Kingambit\n|-singleturn|p1b: Kingambit|Protect\n|move|p2b: Tyranitar|Rock Slide|p1a: Electabuzz|[spread] p1a\n|-activate|p1b: Kingambit|move: Protect\n|-damage|p1a: Electabuzz|45\/100\n|move|p2a: Sinistcha|Matcha Gotcha|p1b: Kingambit|[spread] p1a\n|-activate|p1b: Kingambit|move: Protect\n|-crit|p1a: Electabuzz\n|-damage|p1a: Electabuzz|19\/100\n|move|p1a: Electabuzz|Electroweb|p2a: Sinistcha|[spread] p2a,p2b\n|-resisted|p2a: Sinistcha\n|-damage|p2a: Sinistcha|95\/100\n|-damage|p2b: Tyranitar|91\/100\n|-unboost|p2a: Sinistcha|spe|1\n|\n|-weather|Sandstorm|[upkeep]\n|-damage|p1a: Electabuzz|13\/100|[from] Sandstorm\n|-damage|p2a: Sinistcha|89\/100|[from] Sandstorm\n|-damage|p1b: Kingambit|71\/100|[from] Sandstorm\n|-sideend|p2: Brave12223|move: Tailwind\n|upkeep\n|turn|5\n|\n|t:|1733170029\n|move|p1a: Electabuzz|Follow Me|p1a: Electabuzz\n|-singleturn|p1a: Electabuzz|move: Follow Me\n|move|p2b: Tyranitar|Rock Slide|p1a: Electabuzz|[spread] p1a,p1b\n|-damage|p1a: Electabuzz|0 fnt\n|-damage|p1b: Kingambit|54\/100\n|faint|p1a: Electabuzz\n|move|p1b: Kingambit|Kowtow Cleave|p2a: Sinistcha\n|-supereffective|p2a: Sinistcha\n|-damage|p2a: Sinistcha|0 fnt\n|faint|p2a: Sinistcha\n|\n|-weather|Sandstorm|[upkeep]\n|-damage|p1b: Kingambit|48\/100|[from] Sandstorm\n|upkeep\n|\n|t:|1733170037\n|switch|p1a: Rillaboom|Rillaboom, L50, F|100\/100\n|-fieldstart|move: Grassy Terrain|[from] ability: Grassy Surge|[of] p1a: Rillaboom\n|turn|6\n|-message|Brave12223 forfeited.\n|\n|win|anton19\n|raw|anton19's rating: 1723 &rarr; <strong>1746<\/strong><br \/>(+23 for winning)\n|raw|Brave12223's rating: 1783 &rarr; <strong>1760<\/strong><br \/>(-23 for losing)\n|l|\u2606Brave12223\n|player|p2|\n|l|\u2606anton19\n|player|p1|\n","uploadtime":1733170194,"views":9,"formatid":"gen9vgc2024regh","rating":1746,"private":0,"password":null}