{"id":"gen9vgc2024regh-2255484731","format":"[Gen 9] VGC 2024 Reg H","players":["elvegis1","dalas91"],"log":"|j|\u2606elvegis1\n|j|\u2606dalas91\n|t:|1733179357\n|gametype|doubles\n|player|p1|elvegis1|lucas|1745\n|player|p2|dalas91|dragontamer|1746\n|teamsize|p1|6\n|teamsize|p2|6\n|gen|9\n|tier|[Gen 9] VGC 2024 Reg H\n|rated|\n|rule|Species Clause: Limit one of each Pok\u00e9mon\n|rule|Item Clause: Limit 1 of each item\n|clearpoke\n|poke|p1|Incineroar, L50, F|\n|poke|p1|Kingambit, L50, M|\n|poke|p1|Dusclops, L50, F|\n|poke|p1|Gastrodon-East, L50, M|\n|poke|p1|Ursaluna-Bloodmoon, L50, M|\n|poke|p1|Zoroark-Hisui, L50, M|\n|poke|p2|Archaludon, L50, F|\n|poke|p2|Whimsicott, L50, M|\n|poke|p2|Incineroar, L50, F|\n|poke|p2|Ursaluna-Bloodmoon, L50, M|\n|poke|p2|Basculegion, L50, M|\n|poke|p2|Annihilape, L50, F|\n|teampreview|4\n|inactive|Battle timer is ON: inactive players will automatically lose when time's up. (requested by elvegis1)\n|j| ideaE\n|inactive|dalas91 has 60 seconds left.\n|inactive|dalas91 has 30 seconds left.\n|inactive|dalas91 has 20 seconds left.\n|inactive|dalas91 has 15 seconds left.\n|\n|t:|1733179441\n|start\n|switch|p1a: Ursaluna|Ursaluna-Bloodmoon, L50, M|100\/100\n|switch|p1b: Dusclops|Dusclops, L50, F|100\/100\n|switch|p2a: Ursaluna|Ursaluna-Bloodmoon, L50, M|100\/100\n|switch|p2b: Incineroar|Incineroar, L50, F|100\/100\n|-ability|p2b: Incineroar|Intimidate|boost\n|-unboost|p1a: Ursaluna|atk|1\n|-unboost|p1b: Dusclops|atk|1\n|-item|p2a: Ursaluna|Choice Specs|[from] ability: Frisk|[of] p1b: Dusclops\n|-item|p2b: Incineroar|Safety Goggles|[from] ability: Frisk|[of] p1b: Dusclops\n|turn|1\n|inactive|elvegis1 has 30 seconds left.\n|inactive|dalas91 has 30 seconds left.\n|\n|t:|1733179474\n|switch|p1b: Ursaluna|Ursaluna-Bloodmoon, L50, M|100\/100\n|-terastallize|p2a: Ursaluna|Normal\n|move|p1a: Ursaluna|Icy Wind|p2a: Ursaluna|[spread] p2a,p2b\n|-resisted|p2b: Incineroar\n|-damage|p2a: Ursaluna|82\/100\n|-damage|p2b: Incineroar|93\/100\n|-unboost|p2a: Ursaluna|spe|1\n|-unboost|p2b: Incineroar|spe|1\n|move|p2b: Incineroar|Knock Off|p1b: Ursaluna\n|-damage|p1b: Ursaluna|66\/100\n|-enditem|p1b: Ursaluna|Assault Vest|[from] move: Knock Off|[of] p2b: Incineroar\n|move|p2a: Ursaluna|Hyper Voice|p1b: Ursaluna|[spread] p1a,p1b\n|-enditem|p1a: Ursaluna|Focus Sash\n|-damage|p1a: Ursaluna|1\/100\n|-damage|p1b: Ursaluna|0 fnt\n|replace|p1a: Zoroark|Zoroark-Hisui, L50, M\n|-end|p1a: Zoroark|Illusion\n|faint|p1b: Ursaluna\n|\n|upkeep\n|inactive|elvegis1 has 30 seconds left.\n|\n|t:|1733179499\n|switch|p1b: Dusclops|Dusclops, L50, F|100\/100\n|-item|p2a: Ursaluna|Choice Specs|[from] ability: Frisk|[of] p1b: Dusclops\n|-item|p2b: Incineroar|Safety Goggles|[from] ability: Frisk|[of] p1b: Dusclops\n|turn|2\n|\n|t:|1733179521\n|move|p1a: Zoroark|Hyper Voice|p2a: Ursaluna|[spread] p2a,p2b\n|-damage|p2a: Ursaluna|35\/100\n|-damage|p2b: Incineroar|61\/100\n|move|p2b: Incineroar|Taunt|p1b: Dusclops\n|-start|p1b: Dusclops|move: Taunt\n|move|p2a: Ursaluna|Hyper Voice|p1a: Zoroark|[spread] p1a,p1b\n|-damage|p1a: Zoroark|0 fnt\n|-damage|p1b: Dusclops|57\/100\n|faint|p1a: Zoroark\n|cant|p1b: Dusclops|move: Taunt|Trick Room\n|\n|upkeep\n|\n|t:|1733179527\n|switch|p1a: Gastrodon|Gastrodon-East, L50, M|100\/100\n|turn|3\n|\n|t:|1733179542\n|switch|p2a: Archaludon|Archaludon, L50, F|100\/100\n|move|p2b: Incineroar|Knock Off|p1b: Dusclops\n|-supereffective|p1b: Dusclops\n|-damage|p1b: Dusclops|3\/100\n|-enditem|p1b: Dusclops|Eviolite|[from] move: Knock Off|[of] p2b: Incineroar\n|move|p1a: Gastrodon|Muddy Water|p2a: Archaludon|[spread] p2a,p2b\n|-resisted|p2a: Archaludon\n|-supereffective|p2b: Incineroar\n|-damage|p2a: Archaludon|93\/100\n|-damage|p2b: Incineroar|16\/100\n|-unboost|p2a: Archaludon|accuracy|1\n|-unboost|p2b: Incineroar|accuracy|1\n|-ability|p2a: Archaludon|Stamina|boost\n|-boost|p2a: Archaludon|def|1\n|move|p1b: Dusclops|Night Shade|p2b: Incineroar\n|-damage|p2b: Incineroar|0 fnt\n|faint|p2b: Incineroar\n|\n|upkeep\n|inactive|dalas91 has 30 seconds left.\n|\n|t:|1733179570\n|switch|p2b: Ursaluna|Ursaluna-Bloodmoon, L50, M, tera:Normal|35\/100\n|turn|4\n|inactive|dalas91 has 30 seconds left.\n|\n|t:|1733179599\n|move|p2a: Archaludon|Snarl|p1a: Gastrodon|[spread] p1a,p1b\n|-supereffective|p1b: Dusclops\n|-damage|p1a: Gastrodon|90\/100\n|-damage|p1b: Dusclops|0 fnt\n|-unboost|p1a: Gastrodon|spa|1\n|faint|p1b: Dusclops\n|move|p2b: Ursaluna|Hyper Voice|p1a: Gastrodon\n|-damage|p1a: Gastrodon|7\/100\n|move|p1a: Gastrodon|Muddy Water|p2a: Archaludon|[spread] p2a,p2b\n|-resisted|p2a: Archaludon\n|-damage|p2a: Archaludon|87\/100\n|-damage|p2b: Ursaluna|16\/100\n|-ability|p2a: Archaludon|Stamina|boost\n|-boost|p2a: Archaludon|def|1\n|\n|-heal|p1a: Gastrodon|13\/100|[from] item: Leftovers\n|upkeep\n|turn|5\n|-message|elvegis1 forfeited.\n|\n|win|dalas91\n|raw|elvegis1's rating: 1745 &rarr; <strong>1725<\/strong><br \/>(-20 for losing)\n|raw|dalas91's rating: 1746 &rarr; <strong>1766<\/strong><br \/>(+20 for winning)\n|l|\u2606elvegis1\n|player|p1|\n|l|\u2606dalas91\n|player|p2|\n","uploadtime":1733179621,"views":47,"formatid":"gen9vgc2024regh","rating":1725,"private":0,"password":null}