{"id":"gen9vgc2024regh-2255324236","format":"[Gen 9] VGC 2024 Reg H","players":["futonkagebunshin","Tailwindmakeitrain"],"log":"|j|\u2606futonkagebunshin\n|j|\u2606Tailwindmakeitrain\n|t:|1733163604\n|gametype|doubles\n|player|p1|futonkagebunshin|policeman-gen4|1698\n|player|p2|Tailwindmakeitrain|iris|1736\n|teamsize|p1|6\n|teamsize|p2|6\n|gen|9\n|tier|[Gen 9] VGC 2024 Reg H\n|rated|\n|rule|Species Clause: Limit one of each Pok\u00e9mon\n|rule|Item Clause: Limit 1 of each item\n|clearpoke\n|poke|p1|Sinistcha, L50|\n|poke|p1|Incineroar, L50, M|\n|poke|p1|Araquanid, L50, F|\n|poke|p1|Electabuzz, L50, M|\n|poke|p1|Weezing, L50, F|\n|poke|p1|Kommo-o, L50, F|\n|poke|p2|Tyranitar, L50, F|\n|poke|p2|Excadrill, L50, M|\n|poke|p2|Indeedee, L50, M|\n|poke|p2|Sneasler, L50, M|\n|poke|p2|Salamence, L50, F|\n|poke|p2|Annihilape, L50, M|\n|teampreview|4\n|j| Emerald_Strike\n|l|\u2606Tailwindmakeitrain\n|player|p2|\n|j|\u2606Tailwindmakeitrain\n|player|p2|Tailwindmakeitrain|iris|\n|inactive|Battle timer is ON: inactive players will automatically lose when time's up. (requested by futonkagebunshin)\n|j| Peroquecuones\n|j| Kolspo\n|\n|t:|1733163674\n|start\n|switch|p1a: Araquanid|Araquanid, L50, F|100\/100\n|switch|p1b: Weezing|Weezing, L50, F|100\/100\n|switch|p2a: Sneasler|Sneasler, L50, M, shiny|100\/100\n|switch|p2b: Indeedee|Indeedee, L50, M|100\/100\n|-fieldstart|move: Psychic Terrain|[from] ability: Psychic Surge|[of] p2b: Indeedee\n|-enditem|p2a: Sneasler|Psychic Seed\n|-boost|p2a: Sneasler|spd|1|[from] item: Psychic Seed\n|turn|1\n|\n|t:|1733163699\n|switch|p1b: Incineroar|Incineroar, L50, M|100\/100\n|-ability|p1b: Incineroar|Intimidate|boost\n|-unboost|p2a: Sneasler|atk|1\n|-unboost|p2b: Indeedee|atk|1\n|-terastallize|p2b: Indeedee|Psychic\n|move|p2a: Sneasler|Dire Claw|p1a: Araquanid\n|-damage|p1a: Araquanid|64\/100\n|move|p2b: Indeedee|Tera Blast|p1a: Araquanid|[anim] Tera Blast Psychic\n|-damage|p1a: Araquanid|10\/100\n|move|p1a: Araquanid|Liquidation|p2a: Sneasler\n|-damage|p2a: Sneasler|0 fnt\n|faint|p2a: Sneasler\n|\n|upkeep\n|\n|t:|1733163705\n|switch|p2a: Excadrill|Excadrill, L50, M, shiny|100\/100\n|turn|2\n|inactive|futonkagebunshin has 30 seconds left.\n|inactive|futonkagebunshin has 20 seconds left.\n|inactive|futonkagebunshin has 15 seconds left.\n|inactive|futonkagebunshin has 10 seconds left.\n|\n|t:|1733163755\n|switch|p2b: Salamence|Salamence, L50, F|100\/100\n|-ability|p2b: Salamence|Intimidate|boost\n|-fail|p1a: Araquanid|unboost|[from] item: Clear Amulet|[of] p1a: Araquanid\n|-unboost|p1b: Incineroar|atk|1\n|move|p2a: Excadrill|Earthquake|p1a: Araquanid|[spread] p1a,p1b\n|-immune|p2b: Salamence\n|-resisted|p1a: Araquanid\n|-supereffective|p1b: Incineroar\n|-damage|p1a: Araquanid|0 fnt\n|-damage|p1b: Incineroar|23\/100\n|-enditem|p1b: Incineroar|Sitrus Berry|[eat]\n|-heal|p1b: Incineroar|48\/100|[from] item: Sitrus Berry\n|faint|p1a: Araquanid\n|move|p1b: Incineroar|Knock Off|p2b: Salamence\n|-damage|p2b: Salamence|69\/100\n|-enditem|p2b: Salamence|Life Orb|[from] move: Knock Off|[of] p1b: Incineroar\n|\n|upkeep\n|\n|t:|1733163770\n|switch|p1a: Sinistcha|Sinistcha, L50|100\/100\n|-heal|p1b: Incineroar|73\/100|[from] ability: Hospitality|[of] p1a: Sinistcha\n|turn|3\n|inactive|Tailwindmakeitrain has 30 seconds left.\n|\n|t:|1733163799\n|switch|p1b: Weezing|Weezing, L50, F|100\/100\n|-terastallize|p1a: Sinistcha|Water\n|move|p2b: Salamence|Heat Wave|p1b: Weezing|[spread] p1a,p1b\n|-resisted|p1a: Sinistcha\n|-damage|p1a: Sinistcha|86\/100\n|-damage|p1b: Weezing|75\/100\n|move|p2a: Excadrill|Iron Head|p1a: Sinistcha\n|-resisted|p1a: Sinistcha\n|-damage|p1a: Sinistcha|62\/100\n|cant|p1a: Sinistcha|flinch\n|\n|upkeep\n|turn|4\n|\n|t:|1733163823\n|switch|p1b: Incineroar|Incineroar, L50, M|73\/100\n|-ability|p1b: Incineroar|Intimidate|boost\n|-unboost|p2a: Excadrill|atk|1\n|-unboost|p2b: Salamence|atk|1\n|move|p2b: Salamence|Draco Meteor|p1a: Sinistcha\n|-damage|p1a: Sinistcha|0 fnt\n|-unboost|p2b: Salamence|spa|2\n|faint|p1a: Sinistcha\n|move|p2a: Excadrill|Iron Head|p1b: Incineroar\n|-resisted|p1b: Incineroar\n|-damage|p1b: Incineroar|59\/100\n|\n|upkeep\n|\n|t:|1733163835\n|switch|p1a: Weezing|Weezing, L50, F|75\/100\n|turn|5\n|\n|t:|1733163843\n|move|p2b: Salamence|Draco Meteor|p1b: Incineroar\n|-damage|p1b: Incineroar|36\/100\n|-unboost|p2b: Salamence|spa|2\n|move|p2a: Excadrill|Earthquake|p1a: Weezing|[spread] p1b\n|-immune|p2b: Salamence\n|-immune|p1a: Weezing|[from] ability: Levitate\n|-supereffective|p1b: Incineroar\n|-damage|p1b: Incineroar|0 fnt\n|faint|p1b: Incineroar\n|move|p1a: Weezing|Will-O-Wisp|p2a: Excadrill\n|-status|p2a: Excadrill|brn\n|\n|-damage|p2a: Excadrill|95\/100 brn|[from] brn\n|-fieldend|move: Psychic Terrain\n|upkeep\n|turn|6\n|j| revplog\n|-message|futonkagebunshin forfeited.\n|\n|win|Tailwindmakeitrain\n|raw|futonkagebunshin's rating: 1698 &rarr; <strong>1680<\/strong><br \/>(-18 for losing)\n|raw|Tailwindmakeitrain's rating: 1736 &rarr; <strong>1754<\/strong><br \/>(+18 for winning)\n|l| Kolspo\n|l|\u2606Tailwindmakeitrain\n|player|p2|\n|j|\u2606Tailwindmakeitrain\n|player|p2|Tailwindmakeitrain|iris|\n|l|\u2606futonkagebunshin\n|player|p1|\n|l|\u2606Tailwindmakeitrain\n|player|p2|\n|l| Emerald_Strike\n|l| revplog\n|l| Peroquecuones\n","uploadtime":1733164105,"views":92,"formatid":"gen9vgc2024regh","rating":1680,"private":0,"password":null}