{"id":"gen9vgc2024regh-2255934546","format":"[Gen 9] VGC 2024 Reg H","players":["IsabellaPasquale","diddle08"],"log":"|j|\u2606IsabellaPasquale\n|j|\u2606diddle08\n|t:|1733241862\n|gametype|doubles\n|player|p1|IsabellaPasquale|gentleman-gen1|1746\n|player|p2|diddle08|acetrainer|1659\n|teamsize|p1|6\n|teamsize|p2|6\n|gen|9\n|tier|[Gen 9] VGC 2024 Reg H\n|rated|\n|rule|Species Clause: Limit one of each Pok\u00e9mon\n|rule|Item Clause: Limit 1 of each item\n|clearpoke\n|poke|p1|Electabuzz, L50, M|\n|poke|p1|Archaludon, L50, M|\n|poke|p1|Ninetales-Alola, L50, F|\n|poke|p1|Rillaboom, L50, M|\n|poke|p1|Armarouge, L50, F|\n|poke|p1|Ursaluna-Bloodmoon, L50, M|\n|poke|p2|Blastoise, L50, F|\n|poke|p2|Delphox, L50, M|\n|poke|p2|Meowscarada, L50, F|\n|poke|p2|Indeedee-F, L50, F|\n|poke|p2|Sneasler, L50, F|\n|poke|p2|Murkrow, L50, F|\n|teampreview|4\n|inactive|Battle timer is ON: inactive players will automatically lose when time's up. (requested by diddle08)\ndiddle08 has agreed to open team sheets.\nIsabellaPasquale rejected open team sheets.\n|inactive|IsabellaPasquale has 60 seconds left.\n|\n|t:|1733241908\n|start\n|switch|p1a: Armarouge|Armarouge, L50, F|100\/100\n|switch|p1b: Ursaluna|Ursaluna-Bloodmoon, L50, M|100\/100\n|switch|p2a: Meowscarada|Meowscarada, L50, F|100\/100\n|switch|p2b: Blastoise|Blastoise, L50, F|100\/100\n|turn|1\n|\n|t:|1733241933\n|switch|p1b: Rillaboom|Rillaboom, L50, M|100\/100\n|-fieldstart|move: Grassy Terrain|[from] ability: Grassy Surge|[of] p1b: Rillaboom\n|-terastallize|p2a: Meowscarada|Stellar\n|move|p2b: Blastoise|Water Spout|p1a: Armarouge|[spread] p1a,p1b\n|-supereffective|p1a: Armarouge\n|-resisted|p1b: Rillaboom\n|-damage|p1a: Armarouge|3\/100\n|-damage|p1b: Rillaboom|83\/100\n|-enditem|p1a: Armarouge|Sitrus Berry|[eat]\n|-heal|p1a: Armarouge|28\/100|[from] item: Sitrus Berry\n|move|p2a: Meowscarada|Knock Off|p1a: Armarouge\n|-supereffective|p1a: Armarouge\n|-damage|p1a: Armarouge|0 fnt\n|faint|p1a: Armarouge\n|\n|-heal|p1b: Rillaboom|89\/100|[from] Grassy Terrain\n|upkeep\n|inactive|IsabellaPasquale has 30 seconds left.\n|inactive|IsabellaPasquale has 20 seconds left.\n|\n|t:|1733241969\n|switch|p1a: Ninetales|Ninetales-Alola, L50, F|100\/100\n|-weather|Snow|[from] ability: Snow Warning|[of] p1a: Ninetales\n|turn|2\n|inactive|IsabellaPasquale has 30 seconds left.\n|inactive|IsabellaPasquale has 20 seconds left.\n|\n|t:|1733242005\n|switch|p2b: Indeedee|Indeedee-F, L50, F|100\/100\n|-fieldstart|move: Psychic Terrain|[from] ability: Psychic Surge|[of] p2b: Indeedee\n|move|p2a: Meowscarada|U-turn|p1b: Rillaboom\n|-supereffective|p1b: Rillaboom\n|-damage|p1b: Rillaboom|39\/100\n|\n|t:|1733242014\n|switch|p2a: Blastoise|Blastoise, L50, F|100\/100|[from] U-turn\n|move|p1a: Ninetales|Icy Wind|p2a: Blastoise|[spread] p2a,p2b\n|-resisted|p2a: Blastoise\n|-damage|p2a: Blastoise|91\/100\n|-damage|p2b: Indeedee|85\/100\n|-unboost|p2a: Blastoise|spe|1\n|-unboost|p2b: Indeedee|spe|1\n|move|p1b: Rillaboom|Wood Hammer|p2b: Indeedee\n|-damage|p2b: Indeedee|17\/100\n|-damage|p1b: Rillaboom|18\/100|[from] Recoil\n|\n|-weather|Snow|[upkeep]\n|upkeep\n|turn|3\n|\n|t:|1733242033\n|switch|p2a: Delphox|Delphox, L50, M|100\/100\n|move|p1a: Ninetales|Blizzard|p2b: Indeedee|[spread] p2a,p2b\n|-resisted|p2a: Delphox\n|-damage|p2a: Delphox|83\/100\n|-damage|p2b: Indeedee|0 fnt\n|faint|p2b: Indeedee\n|move|p1b: Rillaboom|Wood Hammer|p2a: Delphox\n|-resisted|p2a: Delphox\n|-damage|p2a: Delphox|32\/100\n|-damage|p1b: Rillaboom|5\/100|[from] Recoil\n|\n|-weather|Snow|[upkeep]\n|upkeep\n|\n|t:|1733242048\n|switch|p2b: Blastoise|Blastoise, L50, F|91\/100\n|turn|4\n|\n|t:|1733242065\n|move|p2b: Blastoise|Water Spout|p1b: Rillaboom|[spread] p1a,p1b\n|-resisted|p1b: Rillaboom\n|-damage|p1a: Ninetales|49\/100\n|-damage|p1b: Rillaboom|0 fnt\n|faint|p1b: Rillaboom\n|move|p1a: Ninetales|Icy Wind|p2b: Blastoise|[spread] p2a,p2b\n|-resisted|p2a: Delphox\n|-resisted|p2b: Blastoise\n|-damage|p2a: Delphox|23\/100\n|-damage|p2b: Blastoise|84\/100\n|-unboost|p2a: Delphox|spe|1\n|-unboost|p2b: Blastoise|spe|1\n|move|p2a: Delphox|Expanding Force|p1a: Ninetales\n|-damage|p1a: Ninetales|0 fnt\n|faint|p1a: Ninetales\n|-damage|p2a: Delphox|13\/100|[from] item: Life Orb\n|\n|-weather|Snow|[upkeep]\n|upkeep\n|c|\u2606diddle08|reject that\n|\n|t:|1733242086\n|switch|p1b: Ursaluna|Ursaluna-Bloodmoon, L50, M|100\/100\n|turn|5\n|\n|t:|1733242097\n|move|p2b: Blastoise|Water Spout|p1b: Ursaluna\n|-supereffective|p1b: Ursaluna\n|-damage|p1b: Ursaluna|0 fnt\n|faint|p1b: Ursaluna\n|\n|win|diddle08\n|raw|IsabellaPasquale's rating: 1746 &rarr; <strong>1721<\/strong><br \/>(-25 for losing)\n|raw|diddle08's rating: 1659 &rarr; <strong>1684<\/strong><br \/>(+25 for winning)\n|l|\u2606IsabellaPasquale\n|player|p1|\n|l|\u2606diddle08\n|player|p2|\n|j|\u2606IsabellaPasquale\n|player|p1|IsabellaPasquale|gentleman-gen1|\n|l|\u2606IsabellaPasquale\n|player|p1|\n","uploadtime":1733242345,"views":19,"formatid":"gen9vgc2024regh","rating":1684,"private":0,"password":null}