{"id":"gen9vgc2024regh-2255302538","format":"[Gen 9] VGC 2024 Reg H","players":["CarryTheBoats","Slackermaru"],"log":"|j|\u2606CarryTheBoats\n|j|\u2606Slackermaru\n|t:|1733161566\n|gametype|doubles\n|player|p1|CarryTheBoats|crasherwake|1809\n|player|p2|Slackermaru|workerice|1687\n|teamsize|p1|6\n|teamsize|p2|6\n|gen|9\n|tier|[Gen 9] VGC 2024 Reg H\n|rated|\n|rule|Species Clause: Limit one of each Pok\u00e9mon\n|rule|Item Clause: Limit 1 of each item\n|clearpoke\n|poke|p1|Archaludon, L50, M|\n|poke|p1|Pelipper, L50, F|\n|poke|p1|Amoonguss, L50, F|\n|poke|p1|Incineroar, L50, F|\n|poke|p1|Basculegion, L50, M|\n|poke|p1|Dragonite, L50, F|\n|poke|p2|Ursaluna, L50, M|\n|poke|p2|Porygon2, L50|\n|poke|p2|Incineroar, L50, F|\n|poke|p2|Vivillon-Fancy, L50, M|\n|poke|p2|Archaludon, L50, F|\n|poke|p2|Primarina, L50, F|\n|teampreview|4\n|\n|t:|1733161586\n|start\n|switch|p1a: Amoonguss|Amoonguss, L50, F|100\/100\n|switch|p1b: Incineroar|Incineroar, L50, F, shiny|100\/100\n|switch|p2a: Vivillon|Vivillon-Fancy, L50, M|100\/100\n|switch|p2b: Archaludon|Archaludon, L50, F|100\/100\n|-ability|p1b: Incineroar|Intimidate|boost\n|-unboost|p2a: Vivillon|atk|1\n|-unboost|p2b: Archaludon|atk|1\n|turn|1\n|j| laslfg81\n|\n|t:|1733161610\n|switch|p2a: Incineroar|Incineroar, L50, F|100\/100\n|-ability|p2a: Incineroar|Intimidate|boost\n|-unboost|p1a: Amoonguss|atk|1\n|-unboost|p1b: Incineroar|atk|1\n|move|p2b: Archaludon|Protect|p2b: Archaludon\n|-singleturn|p2b: Archaludon|Protect\n|move|p1b: Incineroar|Fake Out|p2b: Archaludon\n|-activate|p2b: Archaludon|move: Protect\n|move|p1a: Amoonguss|Spore|p2b: Archaludon\n|-activate|p2b: Archaludon|move: Protect\n|\n|upkeep\n|turn|2\n|\n|t:|1733161629\n|switch|p2b: Ursaluna|Ursaluna, L50, M|100\/100\n|move|p2a: Incineroar|Fake Out|p1a: Amoonguss\n|-damage|p1a: Amoonguss|92\/100\n|move|p1b: Incineroar|Parting Shot|p2b: Ursaluna\n|-unboost|p2b: Ursaluna|atk|1\n|-unboost|p2b: Ursaluna|spa|1\n|\n|t:|1733161636\n|switch|p1b: Dragonite|Dragonite, L50, F|100\/100|[from] Parting Shot\n|cant|p1a: Amoonguss|flinch\n|\n|-status|p2b: Ursaluna|brn|[from] item: Flame Orb\n|upkeep\n|turn|3\n|\n|t:|1733161664\n|move|p1b: Dragonite|Protect|p1b: Dragonite\n|-singleturn|p1b: Dragonite|Protect\n|move|p2b: Ursaluna|Facade|p1b: Dragonite\n|-activate|p1b: Dragonite|move: Protect\n|move|p2a: Incineroar|Knock Off|p1b: Dragonite\n|-activate|p1b: Dragonite|move: Protect\n|move|p1a: Amoonguss|Sludge Bomb|p2a: Incineroar\n|-damage|p2a: Incineroar|83\/100\n|\n|-damage|p2b: Ursaluna|95\/100 brn|[from] brn\n|upkeep\n|turn|4\n|\n|t:|1733161692\n|move|p1a: Amoonguss|Rage Powder|p1a: Amoonguss\n|-singleturn|p1a: Amoonguss|move: Rage Powder\n|move|p1b: Dragonite|Scale Shot|p2a: Incineroar\n|-damage|p2a: Incineroar|69\/100\n|-damage|p2a: Incineroar|55\/100\n|-damage|p2a: Incineroar|42\/100\n|-damage|p2a: Incineroar|28\/100\n|-damage|p2a: Incineroar|13\/100\n|-hitcount|p2a: Incineroar|5\n|-unboost|p1b: Dragonite|def|1\n|-boost|p1b: Dragonite|spe|1\n|move|p2b: Ursaluna|Facade|p1a: Amoonguss\n|-damage|p1a: Amoonguss|28\/100\n|-enditem|p1a: Amoonguss|Sitrus Berry|[eat]\n|-heal|p1a: Amoonguss|53\/100|[from] item: Sitrus Berry\n|move|p2a: Incineroar|Parting Shot|p1a: Amoonguss\n|-unboost|p1a: Amoonguss|atk|1\n|-unboost|p1a: Amoonguss|spa|1\n|\n|t:|1733161713\n|switch|p2a: Archaludon|Archaludon, L50, F|100\/100|[from] Parting Shot\n|\n|-damage|p2b: Ursaluna|89\/100 brn|[from] brn\n|upkeep\n|turn|5\n|\n|t:|1733161739\n|move|p2a: Archaludon|Protect|p2a: Archaludon\n|-singleturn|p2a: Archaludon|Protect\n|move|p1a: Amoonguss|Rage Powder|p1a: Amoonguss\n|-singleturn|p1a: Amoonguss|move: Rage Powder\n|move|p1b: Dragonite|Scale Shot|p2a: Archaludon\n|-activate|p2a: Archaludon|move: Protect\n|move|p2b: Ursaluna|Facade|p1a: Amoonguss\n|-damage|p1a: Amoonguss|0 fnt\n|faint|p1a: Amoonguss\n|\n|-damage|p2b: Ursaluna|83\/100 brn|[from] brn\n|upkeep\n|\n|t:|1733161743\n|switch|p1a: Archaludon|Archaludon, L50, M, shiny|100\/100\n|turn|6\n|\n|t:|1733161782\n|switch|p2b: Incineroar|Incineroar, L50, F|13\/100\n|-ability|p2b: Incineroar|Intimidate|boost\n|-unboost|p1a: Archaludon|atk|1\n|-unboost|p1b: Dragonite|atk|1\n|move|p1b: Dragonite|Scale Shot|p1a: Archaludon\n|-damage|p1a: Archaludon|94\/100\n|-ability|p1a: Archaludon|Stamina|boost\n|-boost|p1a: Archaludon|def|1\n|-damage|p1a: Archaludon|89\/100\n|-ability|p1a: Archaludon|Stamina|boost\n|-boost|p1a: Archaludon|def|1\n|-damage|p1a: Archaludon|85\/100\n|-ability|p1a: Archaludon|Stamina|boost\n|-boost|p1a: Archaludon|def|1\n|-damage|p1a: Archaludon|82\/100\n|-ability|p1a: Archaludon|Stamina|boost\n|-boost|p1a: Archaludon|def|1\n|-damage|p1a: Archaludon|79\/100\n|-ability|p1a: Archaludon|Stamina|boost\n|-boost|p1a: Archaludon|def|1\n|-hitcount|p1a: Archaludon|5\n|-unboost|p1b: Dragonite|def|1\n|-boost|p1b: Dragonite|spe|1\n|move|p2a: Archaludon|Electro Shot||[still]\n|-prepare|p2a: Archaludon|Electro Shot\n|-boost|p2a: Archaludon|spa|1\n|-enditem|p2a: Archaludon|Power Herb\n|-anim|p2a: Archaludon|Electro Shot|p1b: Dragonite\n|-damage|p1b: Dragonite|66\/100\n|move|p1a: Archaludon|Body Press|p2b: Incineroar\n|-supereffective|p2b: Incineroar\n|-damage|p2b: Incineroar|0 fnt\n|faint|p2b: Incineroar\n|\n|upkeep\n|\n|t:|1733161816\n|switch|p2b: Vivillon|Vivillon-Fancy, L50, M|100\/100\n|turn|7\n|inactive|Battle timer is ON: inactive players will automatically lose when time's up. (requested by CarryTheBoats)\n|l|\u2606CarryTheBoats\n|inactive|CarryTheBoats disconnected and has a minute to reconnect!\n|player|p1|\n|j| PonMeTilItsOger\n|j|\u2606CarryTheBoats\n|inactive|CarryTheBoats reconnected and has 70 seconds left.\n|player|p1|CarryTheBoats|crasherwake|\n|inactiveoff|Battle timer is now OFF.\n|\n|t:|1733161878\n|move|p2b: Vivillon|Protect|p2b: Vivillon\n|-singleturn|p2b: Vivillon|Protect\n|move|p1b: Dragonite|Scale Shot|p2b: Vivillon\n|-activate|p2b: Vivillon|move: Protect\n|move|p2a: Archaludon|Dragon Pulse|p1b: Dragonite\n|-supereffective|p1b: Dragonite\n|-damage|p1b: Dragonite|0 fnt\n|faint|p1b: Dragonite\n|move|p1a: Archaludon|Dragon Pulse|p2a: Archaludon\n|-damage|p2a: Archaludon|35\/100\n|\n|upkeep\n|\n|t:|1733161881\n|switch|p1b: Incineroar|Incineroar, L50, F, shiny|100\/100\n|-ability|p1b: Incineroar|Intimidate|boost\n|-unboost|p2a: Archaludon|atk|1\n|-unboost|p2b: Vivillon|atk|1\n|turn|8\n|\n|t:|1733161925\n|-terastallize|p2b: Vivillon|Ghost\n|move|p2b: Vivillon|Sleep Powder|p1a: Archaludon\n|-status|p1a: Archaludon|slp|[from] move: Sleep Powder\n|move|p2a: Archaludon|Dragon Pulse|p1a: Archaludon\n|-damage|p1a: Archaludon|31\/100 slp\n|-ability|p1a: Archaludon|Stamina|boost\n|-boost|p1a: Archaludon|def|1\n|cant|p1a: Archaludon|slp\n|move|p1b: Incineroar|Knock Off|p2b: Vivillon\n|-supereffective|p2b: Vivillon\n|-enditem|p2b: Vivillon|Focus Sash\n|-damage|p2b: Vivillon|1\/100\n|\n|upkeep\n|turn|9\n|inactive|Battle timer is ON: inactive players will automatically lose when time's up. (requested by CarryTheBoats)\n|\n|t:|1733161950\n|move|p2b: Vivillon|Hurricane|p1b: Incineroar\n|-crit|p1b: Incineroar\n|-damage|p1b: Incineroar|38\/100\n|move|p2a: Archaludon|Dragon Pulse|p1a: Archaludon\n|-damage|p1a: Archaludon|0 fnt\n|faint|p1a: Archaludon\n|move|p1b: Incineroar|Flare Blitz|p2a: Archaludon\n|-damage|p2a: Archaludon|0 fnt\n|faint|p2a: Archaludon\n|-damage|p1b: Incineroar|29\/100|[from] Recoil\n|\n|upkeep\n|\n|t:|1733161964\n|switch|p2a: Ursaluna|Ursaluna, L50, M|83\/100 brn\n|turn|10\n|\n|t:|1733161973\n|-terastallize|p1b: Incineroar|Ghost\n|move|p2b: Vivillon|Tailwind|p2b: Vivillon\n|-sidestart|p2: Slackermaru|move: Tailwind\n|move|p2a: Ursaluna|Headlong Rush|p1b: Incineroar\n|-damage|p1b: Incineroar|0 fnt\n|-unboost|p2a: Ursaluna|def|1\n|-unboost|p2a: Ursaluna|spd|1\n|faint|p1b: Incineroar\n|\n|win|Slackermaru\n|raw|CarryTheBoats's rating: 1809 &rarr; <strong>1782<\/strong><br \/>(-27 for losing)\n|raw|Slackermaru's rating: 1687 &rarr; <strong>1714<\/strong><br \/>(+27 for winning)\n|l|\u2606CarryTheBoats\n|player|p1|\n|l|\u2606Slackermaru\n|player|p2|\n|l| PonMeTilItsOger\n","uploadtime":1733162165,"views":10,"formatid":"gen9vgc2024regh","rating":1714,"private":0,"password":null}