{"id":"gen9vgc2024regh-2255296372","format":"[Gen 9] VGC 2024 Reg H","players":["Juan piz","Slackermaru"],"log":"|j|\u2606Juan piz\n|j|\u2606Slackermaru\n|t:|1733160985\n|gametype|doubles\n|player|p1|Juan piz|170|1705\n|player|p2|Slackermaru|workerice|1690\n|teamsize|p1|6\n|teamsize|p2|6\n|gen|9\n|tier|[Gen 9] VGC 2024 Reg H\n|rated|\n|rule|Species Clause: Limit one of each Pok\u00e9mon\n|rule|Item Clause: Limit 1 of each item\n|clearpoke\n|poke|p1|Indeedee, L50, M|\n|poke|p1|Excadrill, L50, F|\n|poke|p1|Sneasler, L50, F|\n|poke|p1|Tyranitar, L50, M|\n|poke|p1|Annihilape, L50, M|\n|poke|p1|Maushold, L50|\n|poke|p2|Ursaluna, L50, M|\n|poke|p2|Porygon2, L50|\n|poke|p2|Incineroar, L50, M|\n|poke|p2|Vivillon-Fancy, L50, F|\n|poke|p2|Archaludon, L50, F|\n|poke|p2|Primarina, L50, M|\n|teampreview|4\n|j| laslfg81\n|\n|t:|1733161033\n|start\n|switch|p1a: Annihilape|Annihilape, L50, M|100\/100\n|switch|p1b: Maushold|Maushold, L50|100\/100\n|switch|p2a: Porygon2|Porygon2, L50|100\/100\n|switch|p2b: Incineroar|Incineroar, L50, M|100\/100\n|-ability|p2b: Incineroar|Intimidate|boost\n|-unboost|p1a: Annihilape|atk|1\n|-ability|p1a: Annihilape|Defiant|boost\n|-boost|p1a: Annihilape|atk|2\n|-unboost|p1b: Maushold|atk|1\n|-ability|p2a: Porygon2|Download|boost\n|-boost|p2a: Porygon2|atk|1\n|turn|1\n|\n|t:|1733161059\n|-terastallize|p1b: Maushold|Ghost\n|move|p2b: Incineroar|Fake Out|p1b: Maushold\n|-immune|p1b: Maushold\n|move|p1b: Maushold|Taunt|p2a: Porygon2\n|-start|p2a: Porygon2|move: Taunt\n|move|p1a: Annihilape|Drain Punch|p2a: Porygon2\n|-supereffective|p2a: Porygon2\n|-crit|p2a: Porygon2\n|-damage|p2a: Porygon2|13\/100\n|cant|p2a: Porygon2|move: Taunt|Trick Room\n|\n|upkeep\n|turn|2\n|\n|t:|1733161081\n|switch|p2a: Primarina|Primarina, L50, M|100\/100\n|-terastallize|p2b: Incineroar|Ghost\n|move|p1b: Maushold|Beat Up|p1a: Annihilape\n|-damage|p1a: Annihilape|99\/100\n|-damage|p1a: Annihilape|97\/100\n|-damage|p1a: Annihilape|95\/100\n|-damage|p1a: Annihilape|94\/100\n|-hitcount|p1a: Annihilape|4\n|move|p1a: Annihilape|Drain Punch|p2b: Incineroar\n|-immune|p2b: Incineroar\n|move|p2b: Incineroar|Knock Off|p1b: Maushold\n|-supereffective|p1b: Maushold\n|-damage|p1b: Maushold|7\/100\n|-enditem|p1b: Maushold|Safety Goggles|[from] move: Knock Off|[of] p2b: Incineroar\n|\n|upkeep\n|turn|3\n|\n|t:|1733161114\n|move|p2a: Primarina|Protect|p2a: Primarina\n|-singleturn|p2a: Primarina|Protect\n|move|p1b: Maushold|Follow Me|p1b: Maushold\n|-singleturn|p1b: Maushold|move: Follow Me\n|move|p1a: Annihilape|Rage Fist|p2a: Primarina\n|-activate|p2a: Primarina|move: Protect\n|move|p2b: Incineroar|Knock Off|p1b: Maushold\n|-supereffective|p1b: Maushold\n|-damage|p1b: Maushold|0 fnt\n|faint|p1b: Maushold\n|\n|upkeep\n|\n|t:|1733161127\n|switch|p1b: Indeedee|Indeedee, L50, M|100\/100\n|-fieldstart|move: Psychic Terrain|[from] ability: Psychic Surge|[of] p1b: Indeedee\n|turn|4\n|\n|t:|1733161164\n|move|p1b: Indeedee|Expanding Force|p2a: Primarina|[spread] p2a,p2b\n|-damage|p2a: Primarina|47\/100\n|-damage|p2b: Incineroar|63\/100\n|move|p1a: Annihilape|Rage Fist|p2a: Primarina\n|-damage|p2a: Primarina|0 fnt\n|faint|p2a: Primarina\n|move|p2b: Incineroar|Knock Off|p1b: Indeedee\n|-supereffective|p1b: Indeedee\n|-damage|p1b: Indeedee|0 fnt\n|-enditem|p1b: Indeedee|Choice Scarf|[from] move: Knock Off|[of] p2b: Incineroar\n|faint|p1b: Indeedee\n|\n|upkeep\n|\n|t:|1733161176\n|switch|p1b: Sneasler|Sneasler, L50, F|100\/100\n|switch|p2a: Porygon2|Porygon2, L50|13\/100\n|-enditem|p1b: Sneasler|Psychic Seed\n|-boost|p1b: Sneasler|spd|1|[from] item: Psychic Seed\n|-ability|p2a: Porygon2|Download|boost\n|-boost|p2a: Porygon2|atk|1\n|turn|5\n|\n|t:|1733161193\n|switch|p2b: Ursaluna|Ursaluna, L50, M|100\/100\n|move|p1b: Sneasler|Dire Claw|p2a: Porygon2\n|-damage|p2a: Porygon2|0 fnt\n|faint|p2a: Porygon2\n|move|p1a: Annihilape|Rage Fist|p2b: Ursaluna\n|-immune|p2b: Ursaluna\n|\n|-status|p2b: Ursaluna|brn|[from] item: Flame Orb\n|upkeep\n|\n|t:|1733161204\n|switch|p2a: Incineroar|Incineroar, L50, M, tera:Ghost|63\/100\n|-ability|p2a: Incineroar|Intimidate|boost\n|-unboost|p1a: Annihilape|atk|1\n|-ability|p1a: Annihilape|Defiant|boost\n|-boost|p1a: Annihilape|atk|2\n|-unboost|p1b: Sneasler|atk|1\n|turn|6\n|\n|t:|1733161215\n|move|p2b: Ursaluna|Protect|p2b: Ursaluna\n|-singleturn|p2b: Ursaluna|Protect\n|move|p1b: Sneasler|Close Combat|p2b: Ursaluna\n|-activate|p2b: Ursaluna|move: Protect\n|move|p1a: Annihilape|Drain Punch|p2b: Ursaluna\n|-activate|p2b: Ursaluna|move: Protect\n|move|p2a: Incineroar|Flare Blitz|p1a: Annihilape\n|-damage|p1a: Annihilape|51\/100\n|-damage|p2a: Incineroar|47\/100|[from] Recoil\n|\n|-damage|p2b: Ursaluna|95\/100 brn|[from] brn\n|upkeep\n|turn|7\n|\n|t:|1733161241\n|move|p2b: Ursaluna|Protect||[still]\n|-fail|p2b: Ursaluna\n|move|p1b: Sneasler|Close Combat|p2b: Ursaluna\n|-supereffective|p2b: Ursaluna\n|-damage|p2b: Ursaluna|28\/100 brn\n|-unboost|p1b: Sneasler|def|1\n|-unboost|p1b: Sneasler|spd|1\n|move|p1a: Annihilape|Drain Punch|p2b: Ursaluna\n|-supereffective|p2b: Ursaluna\n|-damage|p2b: Ursaluna|0 fnt\n|-heal|p1a: Annihilape|64\/100|[from] drain|[of] p2b: Ursaluna\n|faint|p2b: Ursaluna\n|move|p2a: Incineroar|Flare Blitz|p1a: Annihilape\n|-damage|p1a: Annihilape|15\/100\n|-enditem|p1a: Annihilape|Sitrus Berry|[eat]\n|-heal|p1a: Annihilape|40\/100|[from] item: Sitrus Berry\n|-damage|p2a: Incineroar|30\/100|[from] Recoil\n|\n|upkeep\n|turn|8\n|-message|Slackermaru forfeited.\n|\n|win|Juan piz\n|raw|Juan piz's rating: 1705 &rarr; <strong>1724<\/strong><br \/>(+19 for winning)\n|raw|Slackermaru's rating: 1690 &rarr; <strong>1671<\/strong><br \/>(-19 for losing)\n|l|\u2606Slackermaru\n|player|p2|\n|l|\u2606Juan piz\n|player|p1|\n|l| laslfg81\n","uploadtime":1733161469,"views":318,"formatid":"gen9vgc2024regh","rating":1671,"private":0,"password":null}