{"id":"gen9vgc2024regh-2255880095","format":"[Gen 9] VGC 2024 Reg H","players":["actuary97","Djjwjwwjj"],"log":"|j|\u2606actuary97\n|j|\u2606Djjwjwwjj\n|t:|1733236374\n|gametype|doubles\n|player|p1|actuary97|sabrina-frlg|1808\n|player|p2|Djjwjwwjj|266|1744\n|teamsize|p1|6\n|teamsize|p2|6\n|gen|9\n|tier|[Gen 9] VGC 2024 Reg H\n|rated|\n|rule|Species Clause: Limit one of each Pok\u00e9mon\n|rule|Item Clause: Limit 1 of each item\n|clearpoke\n|poke|p1|Whimsicott, L50, F|\n|poke|p1|Gallade, L50, M|\n|poke|p1|Archaludon, L50, F|\n|poke|p1|Malamar, L50, F|\n|poke|p1|Indeedee, L50, M|\n|poke|p1|Drifblim, L50, M|\n|poke|p2|Palafin, L50, F|\n|poke|p2|Pelipper, L50, M|\n|poke|p2|Rillaboom, L50, M|\n|poke|p2|Electabuzz, L50, F|\n|poke|p2|Gholdengo, L50|\n|poke|p2|Incineroar, L50, F|\n|teampreview|4\n|inactive|Battle timer is ON: inactive players will automatically lose when time's up. (requested by Djjwjwwjj)\nactuary97 has agreed to open team sheets.\n|j| kyo9t\n|inactive|actuary97 has 60 seconds left.\n|inactive|Djjwjwwjj has 60 seconds left.\n|inactive|actuary97 has 30 seconds left.\n|\n|t:|1733236444\n|start\n|switch|p1a: Tapu Deedee|Indeedee, L50, M, shiny|100\/100\n|switch|p1b: Happy Thanksgiving|Drifblim, L50, M, shiny|100\/100\n|switch|p2a: Gholdengo|Gholdengo, L50|100\/100\n|switch|p2b: Electabuzz|Electabuzz, L50, F|100\/100\n|-fieldstart|move: Psychic Terrain|[from] ability: Psychic Surge|[of] p1a: Tapu Deedee\n|-enditem|p1b: Happy Thanksgiving|Psychic Seed\n|-boost|p1b: Happy Thanksgiving|spd|1|[from] item: Psychic Seed\n|turn|1\n|inactive|Djjwjwwjj has 30 seconds left.\n|inactive|actuary97 has 30 seconds left.\n|\n|t:|1733236475\n|move|p1b: Happy Thanksgiving|Icy Wind|p2a: Gholdengo|[spread] p2a,p2b\n|-resisted|p2a: Gholdengo\n|-damage|p2a: Gholdengo|96\/100\n|-damage|p2b: Electabuzz|94\/100\n|-unboost|p2a: Gholdengo|spe|1\n|-unboost|p2b: Electabuzz|spe|1\n|move|p1a: Tapu Deedee|Expanding Force|p2a: Gholdengo|[spread] p2a,p2b\n|-resisted|p2a: Gholdengo\n|-damage|p2a: Gholdengo|56\/100\n|-damage|p2b: Electabuzz|30\/100\n|move|p2b: Electabuzz|Light Screen|p2b: Electabuzz\n|-sidestart|p2: Djjwjwwjj|move: Light Screen\n|move|p2a: Gholdengo|Nasty Plot|p2a: Gholdengo\n|-boost|p2a: Gholdengo|spa|2\n|\n|-heal|p2a: Gholdengo|62\/100|[from] item: Leftovers\n|upkeep\n|turn|2\n|j| Mixam91\n|inactive|Djjwjwwjj has 30 seconds left.\n|\n|t:|1733236503\n|switch|p2b: Rillaboom|Rillaboom, L50, M|100\/100\n|-fieldstart|move: Grassy Terrain|[from] ability: Grassy Surge|[of] p2b: Rillaboom\n|move|p1b: Happy Thanksgiving|Air Slash|p2a: Gholdengo\n|-resisted|p2a: Gholdengo\n|-damage|p2a: Gholdengo|55\/100\n|move|p1a: Tapu Deedee|Expanding Force|p2a: Gholdengo\n|-resisted|p2a: Gholdengo\n|-damage|p2a: Gholdengo|36\/100\n|move|p2a: Gholdengo|Shadow Ball|p1b: Happy Thanksgiving\n|-supereffective|p1b: Happy Thanksgiving\n|-damage|p1b: Happy Thanksgiving|0 fnt\n|faint|p1b: Happy Thanksgiving\n|\n|-heal|p2a: Gholdengo|42\/100|[from] Grassy Terrain\n|-heal|p2a: Gholdengo|48\/100|[from] item: Leftovers\n|upkeep\n|\n|t:|1733236518\n|switch|p1b: Bridget|Archaludon, L50, F, shiny|100\/100\n|turn|3\n|l| kyo9t\n|j| kyo9t\n|inactive|Djjwjwwjj has 30 seconds left.\n|\n|t:|1733236545\n|switch|p1a: Malamother|Malamar, L50, F, shiny|100\/100\n|move|p2b: Rillaboom|Fake Out|p1b: Bridget\n|-resisted|p1b: Bridget\n|-damage|p1b: Bridget|95\/100\n|-ability|p1b: Bridget|Stamina|boost\n|-boost|p1b: Bridget|def|1\n|cant|p1b: Bridget|flinch\n|move|p2a: Gholdengo|Make It Rain|p1a: Malamother|[spread] p1a,p1b\n|-resisted|p1b: Bridget\n|-damage|p1a: Malamother|18\/100\n|-damage|p1b: Bridget|62\/100\n|-unboost|p2a: Gholdengo|spa|1\n|-ability|p1b: Bridget|Stamina|boost\n|-boost|p1b: Bridget|def|1\n|-enditem|p1a: Malamother|Sitrus Berry|[eat]\n|-heal|p1a: Malamother|43\/100|[from] item: Sitrus Berry\n|\n|-heal|p1b: Bridget|68\/100|[from] Grassy Terrain\n|-heal|p1a: Malamother|49\/100|[from] Grassy Terrain\n|-heal|p2a: Gholdengo|55\/100|[from] Grassy Terrain\n|-heal|p2a: Gholdengo|61\/100|[from] item: Leftovers\n|upkeep\n|turn|4\n|inactive|Djjwjwwjj has 30 seconds left.\n|\n|t:|1733236574\n|switch|p2b: Electabuzz|Electabuzz, L50, F|30\/100\n|move|p2a: Gholdengo|Protect|p2a: Gholdengo\n|-singleturn|p2a: Gholdengo|Protect\n|move|p1b: Bridget|Snarl|p2a: Gholdengo|[spread] p2b\n|-activate|p2a: Gholdengo|move: Protect\n|-damage|p2b: Electabuzz|23\/100\n|-unboost|p2b: Electabuzz|spa|1\n|move|p1a: Malamother|Superpower|p2b: Electabuzz\n|-damage|p2b: Electabuzz|0 fnt\n|-boost|p1a: Malamother|atk|1\n|-boost|p1a: Malamother|def|1\n|faint|p2b: Electabuzz\n|\n|-heal|p1b: Bridget|74\/100|[from] Grassy Terrain\n|-heal|p1a: Malamother|55\/100|[from] Grassy Terrain\n|-heal|p2a: Gholdengo|67\/100|[from] Grassy Terrain\n|-heal|p2a: Gholdengo|73\/100|[from] item: Leftovers\n|upkeep\n|j| SlimeyXD945\n|l| SlimeyXD945\n|\n|t:|1733236596\n|switch|p2b: Rillaboom|Rillaboom, L50, M|100\/100\n|turn|5\n|l| kyo9t\n|inactive|Djjwjwwjj has 30 seconds left.\n|\n|t:|1733236621\n|-terastallize|p2a: Gholdengo|Dragon\n|move|p1b: Bridget|Snarl|p2b: Rillaboom|[spread] p2b\n|-miss|p1b: Bridget|p2a: Gholdengo\n|-damage|p2b: Rillaboom|94\/100\n|-unboost|p2b: Rillaboom|spa|1\n|move|p2b: Rillaboom|Wood Hammer|p1a: Malamother\n|-crit|p1a: Malamother\n|-damage|p1a: Malamother|0 fnt\n|faint|p1a: Malamother\n|-damage|p2b: Rillaboom|77\/100|[from] Recoil\n|move|p2a: Gholdengo|Make It Rain|p1b: Bridget\n|-resisted|p1b: Bridget\n|-damage|p1b: Bridget|45\/100\n|-unboost|p2a: Gholdengo|spa|1\n|-ability|p1b: Bridget|Stamina|boost\n|-boost|p1b: Bridget|def|1\n|\n|-heal|p1b: Bridget|51\/100|[from] Grassy Terrain\n|-heal|p2b: Rillaboom|83\/100|[from] Grassy Terrain\n|-heal|p2a: Gholdengo|80\/100|[from] Grassy Terrain\n|-heal|p2a: Gholdengo|86\/100|[from] item: Leftovers\n|-sideend|p2: Djjwjwwjj|move: Light Screen\n|upkeep\n|j| futonkagebunshin\n|\n|t:|1733236635\n|switch|p1a: Tapu Deedee|Indeedee, L50, M, shiny|100\/100\n|-fieldstart|move: Psychic Terrain|[from] ability: Psychic Surge|[of] p1a: Tapu Deedee\n|turn|6\n|inactive|actuary97 has 30 seconds left.\n|inactive|Djjwjwwjj has 30 seconds left.\n|\n|t:|1733236670\n|switch|p2b: Incineroar|Incineroar, L50, F|100\/100\n|-ability|p2b: Incineroar|Intimidate|boost\n|-unboost|p1a: Tapu Deedee|atk|1\n|-unboost|p1b: Bridget|atk|1\n|move|p2a: Gholdengo|Protect|p2a: Gholdengo\n|-singleturn|p2a: Gholdengo|Protect\n|move|p1a: Tapu Deedee|Dazzling Gleam|p2b: Incineroar|[spread] p2b\n|-activate|p2a: Gholdengo|move: Protect\n|-damage|p2b: Incineroar|72\/100\n|move|p1b: Bridget|Body Press|p2b: Incineroar\n|-supereffective|p2b: Incineroar\n|-damage|p2b: Incineroar|0 fnt\n|faint|p2b: Incineroar\n|\n|-heal|p2a: Gholdengo|92\/100|[from] item: Leftovers\n|upkeep\n|\n|t:|1733236687\n|switch|p2b: Rillaboom|Rillaboom, L50, M|83\/100\n|-fieldstart|move: Grassy Terrain|[from] ability: Grassy Surge|[of] p2b: Rillaboom\n|turn|7\n|\n|t:|1733236700\n|-terastallize|p1a: Tapu Deedee|Fire\n|move|p2b: Rillaboom|Fake Out|p1b: Bridget\n|-resisted|p1b: Bridget\n|-damage|p1b: Bridget|49\/100\n|-ability|p1b: Bridget|Stamina|boost\n|-boost|p1b: Bridget|def|1\n|move|p1a: Tapu Deedee|Dazzling Gleam|p2b: Rillaboom|[spread] p2a,p2b\n|-supereffective|p2a: Gholdengo\n|-damage|p2a: Gholdengo|37\/100\n|-damage|p2b: Rillaboom|60\/100\n|cant|p1b: Bridget|flinch\n|move|p2a: Gholdengo|Shadow Ball|p1b: Bridget\n|-damage|p1b: Bridget|19\/100\n|-ability|p1b: Bridget|Stamina|boost\n|-boost|p1b: Bridget|def|1\n|\n|-heal|p1b: Bridget|25\/100|[from] Grassy Terrain\n|-heal|p2b: Rillaboom|66\/100|[from] Grassy Terrain\n|-heal|p2a: Gholdengo|43\/100|[from] Grassy Terrain\n|-heal|p2a: Gholdengo|49\/100|[from] item: Leftovers\n|upkeep\n|turn|8\n|inactive|Djjwjwwjj has 30 seconds left.\n|\n|t:|1733236730\n|move|p2b: Rillaboom|Grassy Glide|p1a: Tapu Deedee\n|-resisted|p1a: Tapu Deedee\n|-damage|p1a: Tapu Deedee|62\/100\n|move|p1a: Tapu Deedee|Dazzling Gleam|p2b: Rillaboom|[spread] p2a,p2b\n|-supereffective|p2a: Gholdengo\n|-damage|p2a: Gholdengo|0 fnt\n|-damage|p2b: Rillaboom|43\/100\n|faint|p2a: Gholdengo\n|move|p1b: Bridget|Body Press|p2b: Rillaboom\n|-damage|p2b: Rillaboom|0 fnt\n|faint|p2b: Rillaboom\n|\n|win|actuary97\n|raw|actuary97's rating: 1808 &rarr; <strong>1824<\/strong><br \/>(+16 for winning)\n|raw|Djjwjwwjj's rating: 1744 &rarr; <strong>1728<\/strong><br \/>(-16 for losing)\n|l|\u2606Djjwjwwjj\n|player|p2|\n|c|\u2606actuary97|gg\n|l| Mixam91\n|l|\u2606actuary97\n|player|p1|\n","uploadtime":1733236968,"views":26,"formatid":"gen9vgc2024regh","rating":1728,"private":0,"password":null}