{"id":"gen9vgc2024regh-2255302673","format":"[Gen 9] VGC 2024 Reg H","players":["dinglustan","SnarkyShane"],"log":"|j|\u2606dinglustan\n|j|\u2606SnarkyShane\n|t:|1733161579\n|gametype|doubles\n|player|p1|dinglustan|170|1855\n|player|p2|SnarkyShane|gambler|1735\n|teamsize|p1|6\n|teamsize|p2|6\n|gen|9\n|tier|[Gen 9] VGC 2024 Reg H\n|rated|\n|rule|Species Clause: Limit one of each Pok\u00e9mon\n|rule|Item Clause: Limit 1 of each item\n|clearpoke\n|poke|p1|Whimsicott, L50, M|\n|poke|p1|Basculegion, L50, M|\n|poke|p1|Arcanine-Hisui, L50, F|\n|poke|p1|Hydreigon, L50, M|\n|poke|p1|Farigiraf, L50, M|\n|poke|p1|Pawmot, L50, F|\n|poke|p2|Kommo-o, L50, F|\n|poke|p2|Incineroar, L50, F|\n|poke|p2|Sinistcha-Masterpiece, L50|\n|poke|p2|Kingambit, L50, M|\n|poke|p2|Ninetales-Alola, L50, M|\n|poke|p2|Sneasler, L50, F|\n|teampreview|4\n|inactive|Battle timer is ON: inactive players will automatically lose when time's up. (requested by SnarkyShane)\n|inactive|dinglustan also wants the timer to be on.\n|j| laslfg81\n|inactive|SnarkyShane has 60 seconds left.\n|inactive|SnarkyShane has 30 seconds left.\n|\n|t:|1733161641\n|start\n|switch|p1a: Whimsicott|Whimsicott, L50, M|100\/100\n|switch|p1b: Hydreigon|Hydreigon, L50, M|100\/100\n|switch|p2a: Ninetales|Ninetales-Alola, L50, M|100\/100\n|switch|p2b: Sneasler|Sneasler, L50, F|100\/100\n|-weather|Snow|[from] ability: Snow Warning|[of] p2a: Ninetales\n|turn|1\n|\n|t:|1733161657\n|-terastallize|p1b: Hydreigon|Fire\n|move|p2b: Sneasler|Fake Out|p1b: Hydreigon\n|-damage|p1b: Hydreigon|83\/100\n|move|p1a: Whimsicott|Tailwind|p1a: Whimsicott\n|-sidestart|p1: dinglustan|move: Tailwind\n|cant|p1b: Hydreigon|flinch\n|move|p2a: Ninetales|Aurora Veil|p2a: Ninetales\n|-sidestart|p2: SnarkyShane|move: Aurora Veil\n|\n|-weather|Snow|[upkeep]\n|upkeep\n|turn|2\n|j| futonkagebunshin\n|inactive|SnarkyShane has 30 seconds left.\n|inactive|SnarkyShane has 20 seconds left.\n|\n|t:|1733161694\n|switch|p2a: Kommo-o|Kommo-o, L50, F|100\/100\n|move|p1a: Whimsicott|Encore|p2b: Sneasler\n|-start|p2b: Sneasler|Encore\n|move|p1b: Hydreigon|Heat Wave|p2b: Sneasler|[spread] p2b\n|-miss|p1b: Hydreigon|p2a: Kommo-o\n|-damage|p2b: Sneasler|52\/100\n|-damage|p1b: Hydreigon|73\/100|[from] item: Life Orb\n|move|p2b: Sneasler|Fake Out||[still]\n|-hint|Fake Out only works on your first turn out.\n|-fail|p2b: Sneasler\n|\n|-weather|Snow|[upkeep]\n|upkeep\n|turn|3\n|j| PonMeTilItsOger\n|inactive|SnarkyShane has 30 seconds left.\n|inactive|SnarkyShane has 20 seconds left.\n|inactive|SnarkyShane has 15 seconds left.\n|inactive|SnarkyShane has 10 seconds left.\n|inactive|SnarkyShane has 5 seconds left.\n|\n|t:|1733161748\n|switch|p2b: Ninetales|Ninetales-Alola, L50, M|100\/100\n|-terastallize|p2a: Kommo-o|Steel\n|move|p1b: Hydreigon|Heat Wave|p2b: Ninetales|[spread] p2a,p2b\n|-supereffective|p2a: Kommo-o\n|-supereffective|p2b: Ninetales\n|-damage|p2a: Kommo-o|27\/100\n|-damage|p2b: Ninetales|13\/100\n|-damage|p1b: Hydreigon|63\/100|[from] item: Life Orb\n|move|p1a: Whimsicott|Moonblast|p2a: Kommo-o\n|-resisted|p2a: Kommo-o\n|-damage|p2a: Kommo-o|18\/100\n|move|p2a: Kommo-o|Flash Cannon|p1a: Whimsicott\n|-supereffective|p1a: Whimsicott\n|-damage|p1a: Whimsicott|21\/100\n|\n|-weather|Snow|[upkeep]\n|upkeep\n|turn|4\n|\n|t:|1733161772\n|move|p2a: Kommo-o|Protect|p2a: Kommo-o\n|-singleturn|p2a: Kommo-o|Protect\n|move|p1b: Hydreigon|Heat Wave|p2b: Ninetales|[spread] p2b\n|-activate|p2a: Kommo-o|move: Protect\n|-supereffective|p2b: Ninetales\n|-damage|p2b: Ninetales|0 fnt\n|faint|p2b: Ninetales\n|-damage|p1b: Hydreigon|54\/100|[from] item: Life Orb\n|move|p1a: Whimsicott|Moonblast|p2a: Kommo-o\n|-activate|p2a: Kommo-o|move: Protect\n|\n|-weather|Snow|[upkeep]\n|-sideend|p1: dinglustan|move: Tailwind\n|upkeep\n|\n|t:|1733161784\n|switch|p2b: Sneasler|Sneasler, L50, F|52\/100\n|turn|5\n|\n|t:|1733161804\n|switch|p2a: Sinistcha|Sinistcha-Masterpiece, L50|100\/100\n|-heal|p2b: Sneasler|77\/100|[from] ability: Hospitality|[of] p2a: Sinistcha\n|move|p1b: Hydreigon|Protect|p1b: Hydreigon\n|-singleturn|p1b: Hydreigon|Protect\n|move|p1a: Whimsicott|Tailwind|p1a: Whimsicott\n|-sidestart|p1: dinglustan|move: Tailwind\n|move|p2b: Sneasler|Close Combat|p1b: Hydreigon\n|-activate|p1b: Hydreigon|move: Protect\n|\n|-weather|none\n|-sideend|p2: SnarkyShane|move: Aurora Veil\n|upkeep\n|turn|6\n|\n|t:|1733161825\n|move|p1b: Hydreigon|Heat Wave|p2b: Sneasler|[spread] p2a,p2b\n|-supereffective|p2a: Sinistcha\n|-damage|p2a: Sinistcha|0 fnt\n|-damage|p2b: Sneasler|4\/100\n|faint|p2a: Sinistcha\n|-damage|p1b: Hydreigon|44\/100|[from] item: Life Orb\n|move|p1a: Whimsicott|Moonblast|p2b: Sneasler\n|-damage|p2b: Sneasler|0 fnt\n|faint|p2b: Sneasler\n|\n|upkeep\n|-message|SnarkyShane forfeited.\n|\n|win|dinglustan\n|raw|dinglustan's rating: 1855 &rarr; <strong>1868<\/strong><br \/>(+13 for winning)\n|raw|SnarkyShane's rating: 1735 &rarr; <strong>1722<\/strong><br \/>(-13 for losing)\n|l|\u2606SnarkyShane\n|player|p2|\n|l| PonMeTilItsOger\n|l|\u2606dinglustan\n|player|p1|\n","uploadtime":1733162027,"views":5,"formatid":"gen9vgc2024regh","rating":1722,"private":0,"password":null}