{"id":"gen9vgc2024regh-2255973375","format":"[Gen 9] VGC 2024 Reg H","players":["heybetch","IsabellaPasquale"],"log":"|j|\u203dheybetch\n|j|\u2606IsabellaPasquale\n|t:|1733245539\n|gametype|doubles\n|player|p1|heybetch|1|1711\n|player|p2|IsabellaPasquale|gentleman-gen1|1763\n|teamsize|p1|6\n|teamsize|p2|6\n|gen|9\n|tier|[Gen 9] VGC 2024 Reg H\n|rated|\n|rule|Species Clause: Limit one of each Pok\u00e9mon\n|rule|Item Clause: Limit 1 of each item\n|clearpoke\n|poke|p1|Gothitelle, L50, F|\n|poke|p1|Azumarill, L50, M|\n|poke|p1|Gholdengo, L50|\n|poke|p1|Amoonguss, L50, F|\n|poke|p1|Ursaluna-Bloodmoon, L50, M|\n|poke|p1|Grimmsnarl, L50, M|\n|poke|p2|Electabuzz, L50, F|\n|poke|p2|Archaludon, L50, M|\n|poke|p2|Ninetales-Alola, L50, F|\n|poke|p2|Rillaboom, L50, F|\n|poke|p2|Armarouge, L50, F|\n|poke|p2|Ursaluna-Bloodmoon, L50, M|\n|teampreview|4\n|inactive|Battle timer is ON: inactive players will automatically lose when time's up. (requested by heybetch)\n|\n|t:|1733245587\n|start\n|switch|p1a: Ursaluna|Ursaluna-Bloodmoon, L50, M|100\/100\n|switch|p1b: Grimmsnarl|Grimmsnarl, L50, M|100\/100\n|switch|p2a: Armarouge|Armarouge, L50, F|100\/100\n|switch|p2b: Ninetales|Ninetales-Alola, L50, F|100\/100\n|-weather|Snow|[from] ability: Snow Warning|[of] p2b: Ninetales\n|turn|1\n|inactive|IsabellaPasquale has 30 seconds left.\n|inactive|IsabellaPasquale has 20 seconds left.\n|inactive|IsabellaPasquale has 15 seconds left.\n|inactive|heybetch has 30 seconds left.\n|inactive|IsabellaPasquale has 10 seconds left.\n|\n|t:|1733245637\n|switch|p2a: Rillaboom|Rillaboom, L50, F|100\/100\n|-fieldstart|move: Grassy Terrain|[from] ability: Grassy Surge|[of] p2a: Rillaboom\n|-terastallize|p1a: Ursaluna|Ghost\n|move|p1b: Grimmsnarl|Light Screen|p1b: Grimmsnarl\n|-sidestart|p1: heybetch|move: Light Screen\n|move|p2b: Ninetales|Blizzard|p1a: Ursaluna|[spread] p1a,p1b\n|-damage|p1a: Ursaluna|78\/100\n|-damage|p1b: Grimmsnarl|80\/100\n|move|p1a: Ursaluna|Blood Moon|p2b: Ninetales\n|-damage|p2b: Ninetales|0 fnt\n|faint|p2b: Ninetales\n|-damage|p1a: Ursaluna|68\/100|[from] item: Life Orb\n|\n|-weather|Snow|[upkeep]\n|-heal|p1b: Grimmsnarl|86\/100|[from] Grassy Terrain\n|-heal|p1a: Ursaluna|74\/100|[from] Grassy Terrain\n|upkeep\n|\n|t:|1733245658\n|switch|p2b: Ursaluna|Ursaluna-Bloodmoon, L50, M|100\/100\n|turn|2\n|inactive|IsabellaPasquale has 30 seconds left.\n|\n|t:|1733245686\n|move|p2a: Rillaboom|Fake Out|p1b: Grimmsnarl\n|-damage|p1b: Grimmsnarl|69\/100\n|cant|p1b: Grimmsnarl|flinch\n|move|p2b: Ursaluna|Blood Moon|p1b: Grimmsnarl\n|-damage|p1b: Grimmsnarl|15\/100\n|-damage|p2b: Ursaluna|91\/100|[from] item: Life Orb\n|move|p1a: Ursaluna|Earth Power|p2b: Ursaluna\n|-damage|p2b: Ursaluna|0 fnt\n|faint|p2b: Ursaluna\n|-damage|p1a: Ursaluna|64\/100|[from] item: Life Orb\n|\n|-weather|Snow|[upkeep]\n|-heal|p1b: Grimmsnarl|21\/100|[from] Grassy Terrain\n|-heal|p1a: Ursaluna|70\/100|[from] Grassy Terrain\n|upkeep\n|\n|t:|1733245700\n|switch|p2b: Armarouge|Armarouge, L50, F|100\/100\n|turn|3\n|\n|t:|1733245719\n|-terastallize|p2b: Armarouge|Grass\n|move|p2a: Rillaboom|Grassy Glide|p1b: Grimmsnarl\n|-damage|p1b: Grimmsnarl|0 fnt\n|faint|p1b: Grimmsnarl\n|move|p2b: Armarouge|Heat Wave|p1a: Ursaluna\n|-damage|p1a: Ursaluna|30\/100\n|move|p1a: Ursaluna|Blood Moon|p2b: Armarouge\n|-damage|p2b: Armarouge|0 fnt\n|faint|p2b: Armarouge\n|-damage|p1a: Ursaluna|20\/100|[from] item: Life Orb\n|\n|-weather|Snow|[upkeep]\n|-heal|p1a: Ursaluna|26\/100|[from] Grassy Terrain\n|upkeep\n|\n|t:|1733245724\n|switch|p1b: Azumarill|Azumarill, L50, M|100\/100\n|turn|4\n|\n|t:|1733245732\n|switch|p1a: Gothitelle|Gothitelle, L50, F|100\/100\n|move|p2a: Rillaboom|Grassy Glide|p1a: Gothitelle\n|-damage|p1a: Gothitelle|65\/100\n|move|p1b: Azumarill|Perish Song|p1b: Azumarill\n|-start|p1a: Gothitelle|perish3|[silent]\n|-start|p1b: Azumarill|perish3|[silent]\n|-start|p2a: Rillaboom|perish3|[silent]\n|-fieldactivate|move: Perish Song\n|\n|-weather|Snow|[upkeep]\n|-heal|p1a: Gothitelle|71\/100|[from] Grassy Terrain\n|-start|p2a: Rillaboom|perish3\n|-start|p1a: Gothitelle|perish3\n|-start|p1b: Azumarill|perish3\n|upkeep\n|turn|5\n|-message|IsabellaPasquale forfeited.\n|\n|win|heybetch\n|raw|heybetch's rating: 1711 &rarr; <strong>1734<\/strong><br \/>(+23 for winning)\n|raw|IsabellaPasquale's rating: 1763 &rarr; <strong>1740<\/strong><br \/>(-23 for losing)\n|l|\u2606IsabellaPasquale\n|player|p2|\n","uploadtime":1733245947,"views":12,"formatid":"gen9vgc2024regh","rating":1734,"private":0,"password":null}