{"id":"gen9vgc2024regh-2255287756","format":"[Gen 9] VGC 2024 Reg H","players":["futonkagebunshin","Paradox Mourinho"],"log":"|j|\u2606futonkagebunshin\n|j|\u2606Paradox Mourinho\n|t:|1733160169\n|gametype|doubles\n|player|p1|futonkagebunshin|policeman-gen4|1759\n|player|p2|Paradox Mourinho|265|1804\n|teamsize|p1|6\n|teamsize|p2|6\n|gen|9\n|tier|[Gen 9] VGC 2024 Reg H\n|rated|\n|rule|Species Clause: Limit one of each Pok\u00e9mon\n|rule|Item Clause: Limit 1 of each item\n|clearpoke\n|poke|p1|Sinistcha, L50|\n|poke|p1|Incineroar, L50, F|\n|poke|p1|Araquanid, L50, F|\n|poke|p1|Electabuzz, L50, F|\n|poke|p1|Weezing, L50, M|\n|poke|p1|Kommo-o, L50, M|\n|poke|p2|Incineroar, L50, M|\n|poke|p2|Dragonite, L50, M|\n|poke|p2|Ursaluna, L50, F|\n|poke|p2|Annihilape, L50, M|\n|poke|p2|Gholdengo, L50|\n|poke|p2|Porygon2, L50|\n|teampreview|4\n|inactive|Battle timer is ON: inactive players will automatically lose when time's up. (requested by Paradox Mourinho)\n|inactive|futonkagebunshin has 60 seconds left.\n|j| laslfg81\n|l| laslfg81\n|inactive|futonkagebunshin has 30 seconds left.\n|\n|t:|1733160263\n|start\n|switch|p1a: Araquanid|Araquanid, L50, F|100\/100\n|switch|p1b: Kommo-o|Kommo-o, L50, M|100\/100\n|switch|p2a: Dragonite|Dragonite, L50, M|100\/100\n|switch|p2b: Annihilape|Annihilape, L50, M|100\/100\n|turn|1\n|inactive|futonkagebunshin has 30 seconds left.\n|inactive|futonkagebunshin has 20 seconds left.\n|inactive|futonkagebunshin has 15 seconds left.\n|inactive|futonkagebunshin has 10 seconds left.\n|inactive|futonkagebunshin has 5 seconds left.\n|\n|t:|1733160317\n|-terastallize|p1b: Kommo-o|Steel\n|move|p2b: Annihilape|Final Gambit|p1b: Kommo-o\n|-damage|p1b: Kommo-o|0 fnt\n|faint|p2b: Annihilape\n|faint|p1b: Kommo-o\n|move|p2a: Dragonite|Scale Shot|p1a: Araquanid\n|-crit|p1a: Araquanid\n|-damage|p1a: Araquanid|78\/100\n|-damage|p1a: Araquanid|60\/100\n|-damage|p1a: Araquanid|44\/100\n|-damage|p1a: Araquanid|27\/100\n|-hitcount|p1a: Araquanid|4\n|-unboost|p2a: Dragonite|def|1\n|-boost|p2a: Dragonite|spe|1\n|move|p1a: Araquanid|Lunge|p2a: Dragonite\n|-resisted|p2a: Dragonite\n|-damage|p2a: Dragonite|87\/100\n|-unboost|p2a: Dragonite|atk|1\n|\n|upkeep\n|\n|t:|1733160334\n|switch|p2b: Gholdengo|Gholdengo, L50|100\/100\n|switch|p1b: Sinistcha|Sinistcha, L50|100\/100\n|-heal|p1a: Araquanid|52\/100|[from] ability: Hospitality|[of] p1b: Sinistcha\n|turn|2\n|\n|t:|1733160345\n|switch|p1b: Incineroar|Incineroar, L50, F|100\/100\n|-ability|p1b: Incineroar|Intimidate|boost\n|-unboost|p2a: Dragonite|atk|1\n|-unboost|p2b: Gholdengo|atk|1\n|move|p2a: Dragonite|Scale Shot|p1b: Incineroar\n|-damage|p1b: Incineroar|93\/100\n|-damage|p1b: Incineroar|86\/100\n|-damage|p1b: Incineroar|78\/100\n|-damage|p1b: Incineroar|71\/100\n|-hitcount|p1b: Incineroar|4\n|-unboost|p2a: Dragonite|def|1\n|-boost|p2a: Dragonite|spe|1\n|move|p2b: Gholdengo|Shadow Ball|p1b: Incineroar\n|-resisted|p1b: Incineroar\n|-damage|p1b: Incineroar|51\/100\n|-damage|p2b: Gholdengo|91\/100|[from] item: Life Orb\n|move|p1a: Araquanid|Liquidation|p2b: Gholdengo\n|-damage|p2b: Gholdengo|29\/100\n|\n|upkeep\n|turn|3\n|inactive|futonkagebunshin has 30 seconds left.\n|\n|t:|1733160372\n|switch|p1a: Sinistcha|Sinistcha, L50|100\/100\n|-heal|p1b: Incineroar|76\/100|[from] ability: Hospitality|[of] p1a: Sinistcha\n|move|p2a: Dragonite|Protect|p2a: Dragonite\n|-singleturn|p2a: Dragonite|Protect\n|move|p2b: Gholdengo|Protect|p2b: Gholdengo\n|-singleturn|p2b: Gholdengo|Protect\n|move|p1b: Incineroar|Knock Off|p2b: Gholdengo\n|-activate|p2b: Gholdengo|move: Protect\n|\n|upkeep\n|turn|4\n|\n|t:|1733160392\n|switch|p1a: Araquanid|Araquanid, L50, F|52\/100\n|move|p2a: Dragonite|Scale Shot|p1a: Araquanid|[miss]\n|-miss|p2a: Dragonite|p1a: Araquanid\n|move|p2b: Gholdengo|Shadow Ball|p1a: Araquanid\n|-damage|p1a: Araquanid|3\/100\n|-damage|p2b: Gholdengo|19\/100|[from] item: Life Orb\n|move|p1b: Incineroar|Knock Off|p2b: Gholdengo\n|-supereffective|p2b: Gholdengo\n|-damage|p2b: Gholdengo|0 fnt\n|-enditem|p2b: Gholdengo|Life Orb|[from] move: Knock Off|[of] p1b: Incineroar\n|faint|p2b: Gholdengo\n|\n|upkeep\n|\n|t:|1733160397\n|switch|p2b: Ursaluna|Ursaluna, L50, F|100\/100\n|turn|5\n|\n|t:|1733160424\n|switch|p1a: Sinistcha|Sinistcha, L50|100\/100\n|-heal|p1b: Incineroar|100\/100|[from] ability: Hospitality|[of] p1a: Sinistcha\n|move|p2a: Dragonite|Scale Shot|p1a: Sinistcha\n|-damage|p1a: Sinistcha|93\/100\n|-damage|p1a: Sinistcha|86\/100\n|-damage|p1a: Sinistcha|79\/100\n|-damage|p1a: Sinistcha|72\/100\n|-damage|p1a: Sinistcha|65\/100\n|-hitcount|p1a: Sinistcha|5\n|-unboost|p2a: Dragonite|def|1\n|-boost|p2a: Dragonite|spe|1\n|move|p2b: Ursaluna|Earthquake|p1b: Incineroar|[spread] p1a,p1b\n|-immune|p2a: Dragonite\n|-resisted|p1a: Sinistcha\n|-supereffective|p1b: Incineroar\n|-damage|p1a: Sinistcha|45\/100\n|-damage|p1b: Incineroar|31\/100\n|-enditem|p1b: Incineroar|Sitrus Berry|[eat]\n|-heal|p1b: Incineroar|56\/100|[from] item: Sitrus Berry\n|move|p1b: Incineroar|Parting Shot|p2b: Ursaluna\n|-unboost|p2b: Ursaluna|atk|1\n|-unboost|p2b: Ursaluna|spa|1\n|\n|t:|1733160446\n|switch|p1b: Araquanid|Araquanid, L50, F|3\/100|[from] Parting Shot\n|\n|-status|p2b: Ursaluna|brn|[from] item: Flame Orb\n|upkeep\n|turn|6\n|\n|t:|1733160465\n|switch|p1b: Incineroar|Incineroar, L50, F|56\/100\n|-ability|p1b: Incineroar|Intimidate|boost\n|-unboost|p2a: Dragonite|atk|1\n|-unboost|p2b: Ursaluna|atk|1\n|-terastallize|p2b: Ursaluna|Ghost\n|move|p2a: Dragonite|Haze|p2a: Dragonite\n|-clearallboost\n|move|p1a: Sinistcha|Matcha Gotcha|p2b: Ursaluna|[spread] p2b\n|-miss|p1a: Sinistcha|p2a: Dragonite\n|-damage|p2b: Ursaluna|66\/100 brn\n|-heal|p1a: Sinistcha|66\/100|[from] drain|[of] p2b: Ursaluna\n|-damage|p1a: Sinistcha|57\/100|[from] item: Life Orb\n|move|p2b: Ursaluna|Headlong Rush|p1a: Sinistcha\n|-resisted|p1a: Sinistcha\n|-damage|p1a: Sinistcha|11\/100\n|-unboost|p2b: Ursaluna|def|1\n|-unboost|p2b: Ursaluna|spd|1\n|\n|-damage|p2b: Ursaluna|60\/100 brn|[from] brn\n|upkeep\n|turn|7\n|inactive|futonkagebunshin has 30 seconds left.\n|\n|t:|1733160494\n|switch|p1a: Araquanid|Araquanid, L50, F|3\/100\n|move|p2a: Dragonite|Tailwind|p2a: Dragonite\n|-sidestart|p2: Paradox Mourinho|move: Tailwind\n|move|p2b: Ursaluna|Earthquake|p1b: Incineroar|[spread] p1a,p1b\n|-immune|p2a: Dragonite\n|-resisted|p1a: Araquanid\n|-supereffective|p1b: Incineroar\n|-crit|p1b: Incineroar\n|-damage|p1a: Araquanid|0 fnt\n|-damage|p1b: Incineroar|0 fnt\n|faint|p1a: Araquanid\n|faint|p1b: Incineroar\n|\n|-damage|p2b: Ursaluna|54\/100 brn|[from] brn\n|upkeep\n|-message|futonkagebunshin forfeited.\n|\n|win|Paradox Mourinho\n|raw|futonkagebunshin's rating: 1759 &rarr; <strong>1742<\/strong><br \/>(-17 for losing)\n|raw|Paradox Mourinho's rating: 1804 &rarr; <strong>1821<\/strong><br \/>(+17 for winning)\n|l|\u2606Paradox Mourinho\n|player|p2|\n","uploadtime":1733160777,"views":42,"formatid":"gen9vgc2024regh","rating":1742,"private":0,"password":null}