{"id":"gen9vgc2024regh-2255405269","format":"[Gen 9] VGC 2024 Reg H","players":["Snorlax Double","roykeenkennedy"],"log":"|j|\u2606Snorlax Double\n|j|\u2606roykeenkennedy\n|t:|1733171191\n|gametype|doubles\n|player|p1|Snorlax Double|pokemonbreeder-gen4|1697\n|player|p2|roykeenkennedy|alder|1780\n|teamsize|p1|6\n|teamsize|p2|6\n|gen|9\n|tier|[Gen 9] VGC 2024 Reg H\n|rated|\n|rule|Species Clause: Limit one of each Pok\u00e9mon\n|rule|Item Clause: Limit 1 of each item\n|clearpoke\n|poke|p1|Dragonite, L50, M|\n|poke|p1|Gholdengo, L50|\n|poke|p1|Ursaluna-Bloodmoon, L50, M|\n|poke|p1|Sneasler, L50, F|\n|poke|p1|Incineroar, L50, F|\n|poke|p1|Amoonguss, L50, F|\n|poke|p2|Salamence, L50, F|\n|poke|p2|Incineroar, L50, M|\n|poke|p2|Weezing, L50, M|\n|poke|p2|Dragapult, L50, M|\n|poke|p2|Ursaluna-Bloodmoon, L50, M|\n|poke|p2|Volcarona, L50, F|\n|teampreview|4\n|\n|t:|1733171217\n|start\n|switch|p1a: Ursaluna|Ursaluna-Bloodmoon, L50, M|100\/100\n|switch|p1b: Amoonguss|Amoonguss, L50, F, shiny|100\/100\n|switch|p2a: Incineroar|Incineroar, L50, M|100\/100\n|switch|p2b: Weezing|Weezing, L50, M|100\/100\n|-ability|p2b: Weezing|Neutralizing Gas\n|-block|p2a: Incineroar|item: Ability Shield\n|-ability|p2a: Incineroar|Intimidate|boost\n|-unboost|p1a: Ursaluna|atk|1\n|-unboost|p1b: Amoonguss|atk|1\n|turn|1\n|j| Gambit the king\n|inactive|Battle timer is ON: inactive players will automatically lose when time's up. (requested by roykeenkennedy)\n|\n|t:|1733171240\n|move|p2a: Incineroar|Fake Out|p1a: Ursaluna\n|-damage|p1a: Ursaluna|92\/100\n|move|p2b: Weezing|Taunt|p1b: Amoonguss\n|-start|p1b: Amoonguss|move: Taunt\n|cant|p1a: Ursaluna|flinch\n|cant|p1b: Amoonguss|move: Taunt|Spore\n|\n|upkeep\n|turn|2\n|\n|t:|1733171256\n|-terastallize|p2b: Weezing|Ghost\n|move|p2b: Weezing|Will-O-Wisp|p1b: Amoonguss|[miss]\n|-miss|p2b: Weezing|p1b: Amoonguss\n|move|p2a: Incineroar|Parting Shot|p1a: Ursaluna\n|-unboost|p1a: Ursaluna|atk|1\n|-unboost|p1a: Ursaluna|spa|1\n|\n|t:|1733171264\n|switch|p2a: Volcarona|Volcarona, L50, F|100\/100|[from] Parting Shot\n|move|p1a: Ursaluna|Earth Power|p2a: Volcarona\n|-damage|p2a: Volcarona|66\/100\n|move|p1b: Amoonguss|Pollen Puff|p1a: Ursaluna\n|-heal|p1a: Ursaluna|100\/100\n|\n|upkeep\n|turn|3\n|\n|t:|1733171278\n|move|p2a: Volcarona|Quiver Dance|p2a: Volcarona\n|-boost|p2a: Volcarona|spa|1\n|-boost|p2a: Volcarona|spd|1\n|-boost|p2a: Volcarona|spe|1\n|move|p2b: Weezing|Will-O-Wisp|p1b: Amoonguss\n|-status|p1b: Amoonguss|brn\n|move|p1a: Ursaluna|Blood Moon|p2a: Volcarona\n|-damage|p2a: Volcarona|32\/100\n|move|p1b: Amoonguss|Pollen Puff|p1a: Ursaluna\n|-immune|p1a: Ursaluna\n|\n|-damage|p1b: Amoonguss|95\/100 brn|[from] brn\n|-end|p1b: Amoonguss|move: Taunt\n|upkeep\n|turn|4\n|\n|t:|1733171300\n|move|p1b: Amoonguss|Protect|p1b: Amoonguss\n|-singleturn|p1b: Amoonguss|Protect\n|move|p2a: Volcarona|Struggle Bug|p1a: Ursaluna|[spread] p1a\n|-activate|p1b: Amoonguss|move: Protect\n|-damage|p1a: Ursaluna|80\/100\n|-unboost|p1a: Ursaluna|spa|1\n|move|p2b: Weezing|Taunt|p1b: Amoonguss\n|-activate|p1b: Amoonguss|move: Protect\n|move|p1a: Ursaluna|Earth Power|p2a: Volcarona\n|-damage|p2a: Volcarona|14\/100\n|\n|-damage|p1b: Amoonguss|89\/100 brn|[from] brn\n|upkeep\n|turn|5\n|\n|t:|1733171325\n|switch|p1b: Sneasler|Sneasler, L50, F|100\/100\n|move|p2a: Volcarona|Giga Drain|p1a: Ursaluna\n|-supereffective|p1a: Ursaluna\n|-damage|p1a: Ursaluna|27\/100\n|-heal|p2a: Volcarona|45\/100|[from] drain|[of] p1a: Ursaluna\n|move|p2b: Weezing|Will-O-Wisp|p1b: Sneasler\n|-status|p1b: Sneasler|brn\n|move|p1a: Ursaluna|Blood Moon|p2a: Volcarona\n|-damage|p2a: Volcarona|18\/100\n|\n|-damage|p1b: Sneasler|95\/100 brn|[from] brn\n|upkeep\n|turn|6\n|\n|t:|1733171344\n|switch|p1a: Amoonguss|Amoonguss, L50, F, shiny|89\/100 brn\n|move|p2a: Volcarona|Heat Wave|p1b: Sneasler|[spread] p1a,p1b\n|-supereffective|p1a: Amoonguss\n|-damage|p1a: Amoonguss|0 fnt\n|-damage|p1b: Sneasler|17\/100 brn\n|faint|p1a: Amoonguss\n|move|p1b: Sneasler|Dire Claw|p2a: Volcarona\n|-damage|p2a: Volcarona|0 fnt\n|faint|p2a: Volcarona\n|move|p2b: Weezing|Taunt|p1b: Sneasler\n|-start|p1b: Sneasler|move: Taunt\n|\n|-damage|p1b: Sneasler|11\/100 brn|[from] brn\n|upkeep\n|\n|t:|1733171361\n|switch|p2a: Dragapult|Dragapult, L50, M|100\/100\n|switch|p1a: Gholdengo|Gholdengo, L50|100\/100\n|turn|7\n|\n|t:|1733171375\n|move|p2a: Dragapult|U-turn|p1b: Sneasler\n|-resisted|p1b: Sneasler\n|-damage|p1b: Sneasler|0 fnt\n|faint|p1b: Sneasler\n|\n|t:|1733171380\n|switch|p2a: Incineroar|Incineroar, L50, M|100\/100|[from] U-turn\n|-ability|p2a: Incineroar|Intimidate|boost\n|-unboost|p1a: Gholdengo|atk|1\n|move|p1a: Gholdengo|Shadow Ball|p2b: Weezing\n|-supereffective|p2b: Weezing\n|-damage|p2b: Weezing|0 fnt\n|faint|p2b: Weezing\n|-end|p2b: Weezing|ability: Neutralizing Gas\n|\n|upkeep\n|\n|t:|1733171390\n|switch|p1b: Ursaluna|Ursaluna-Bloodmoon, L50, M|27\/100\n|switch|p2b: Dragapult|Dragapult, L50, M|100\/100\n|turn|8\n|\n|t:|1733171407\n|-terastallize|p1a: Gholdengo|Water\n|move|p1b: Ursaluna|Vacuum Wave|p2a: Incineroar\n|-supereffective|p2a: Incineroar\n|-damage|p2a: Incineroar|77\/100\n|move|p2b: Dragapult|Dragon Darts|p1a: Gholdengo\n|-damage|p1a: Gholdengo|56\/100\n|-anim|p2b: Dragapult|Dragon Darts|p1b: Ursaluna\n|-damage|p1b: Ursaluna|0 fnt\n|faint|p1b: Ursaluna\n|move|p1a: Gholdengo|Nasty Plot|p1a: Gholdengo\n|-boost|p1a: Gholdengo|spa|2\n|move|p2a: Incineroar|Flare Blitz|p1a: Gholdengo\n|-resisted|p1a: Gholdengo\n|-damage|p1a: Gholdengo|30\/100\n|-damage|p2a: Incineroar|70\/100|[from] Recoil\n|\n|upkeep\n|turn|9\n|c|\u2606roykeenkennedy|Too greedy\n|inactive|roykeenkennedy has 30 seconds left.\n|\n|t:|1733171434\n|move|p2b: Dragapult|Dragon Darts|p1a: Gholdengo\n|-damage|p1a: Gholdengo|0 fnt\n|faint|p1a: Gholdengo\n|\n|win|roykeenkennedy\n|raw|Snorlax Double's rating: 1697 &rarr; <strong>1682<\/strong><br \/>(-15 for losing)\n|raw|roykeenkennedy's rating: 1780 &rarr; <strong>1795<\/strong><br \/>(+15 for winning)\n|l| Gambit the king\n|c|\u2606Snorlax Double|Okay\n|l|\u2606Snorlax Double\n|player|p1|\n|l|\u2606roykeenkennedy\n|player|p2|\n","uploadtime":1733171578,"views":17,"formatid":"gen9vgc2024regh","rating":1682,"private":0,"password":null}