{"id":"gen9vgc2024regh-2255252143","format":"[Gen 9] VGC 2024 Reg H","players":["Slackermaru","Pokequimico"],"log":"|j|\u2606Slackermaru\n|j|\u2606Pokequimico\n|t:|1733156745\n|gametype|doubles\n|player|p1|Slackermaru|workerice|1760\n|player|p2|Pokequimico|scientist|1792\n|teamsize|p1|6\n|teamsize|p2|6\n|gen|9\n|tier|[Gen 9] VGC 2024 Reg H\n|rated|\n|rule|Species Clause: Limit one of each Pok\u00e9mon\n|rule|Item Clause: Limit 1 of each item\n|clearpoke\n|poke|p1|Ursaluna, L50, M|\n|poke|p1|Porygon2, L50|\n|poke|p1|Incineroar, L50, F|\n|poke|p1|Vivillon-Fancy, L50, M|\n|poke|p1|Archaludon, L50, M|\n|poke|p1|Primarina, L50, F|\n|poke|p2|Sneasler, L50, F|\n|poke|p2|Kingambit, L50, M|\n|poke|p2|Dragonite, L50, M|\n|poke|p2|Basculegion, L50, M|\n|poke|p2|Rillaboom, L50, F|\n|poke|p2|Volcarona, L50, F|\n|teampreview|4\n|j| laslfg81\n|\n|t:|1733156788\n|start\n|switch|p1a: Vivillon|Vivillon-Fancy, L50, M|100\/100\n|switch|p1b: Archaludon|Archaludon, L50, M|100\/100\n|switch|p2a: Basculegion|Basculegion, L50, M|100\/100\n|switch|p2b: Sneasler|Sneasler, L50, F|100\/100\n|turn|1\n|l| laslfg81\n|inactive|Battle timer is ON: inactive players will automatically lose when time's up. (requested by Pokequimico)\n|\n|t:|1733156807\n|switch|p2b: Kingambit|Kingambit, L50, M|100\/100\n|move|p1a: Vivillon|Protect|p1a: Vivillon\n|-singleturn|p1a: Vivillon|Protect\n|move|p1b: Archaludon|Protect|p1b: Archaludon\n|-singleturn|p1b: Archaludon|Protect\n|move|p2a: Basculegion|Flip Turn|p1a: Vivillon\n|-activate|p1a: Vivillon|move: Protect\n|\n|upkeep\n|turn|2\n|\n|t:|1733156827\n|-terastallize|p2b: Kingambit|Dark\n|move|p2a: Basculegion|Flip Turn|p1a: Vivillon\n|-damage|p1a: Vivillon|31\/100\n|inactive|Pokequimico has 30 seconds left.\n|inactive|Pokequimico has 20 seconds left.\n|inactive|Pokequimico has 15 seconds left.\n|inactive|Pokequimico has 10 seconds left.\n|j| mpudi\n|\n|t:|1733156877\n|switch|p2a: Rillaboom|Rillaboom, L50, F|100\/100|[from] Flip Turn\n|-fieldstart|move: Grassy Terrain|[from] ability: Grassy Surge|[of] p2a: Rillaboom\n|move|p1a: Vivillon|Tailwind|p1a: Vivillon\n|-sidestart|p1: Slackermaru|move: Tailwind\n|move|p1b: Archaludon|Electro Shot||[still]\n|-prepare|p1b: Archaludon|Electro Shot\n|-boost|p1b: Archaludon|spa|1\n|-enditem|p1b: Archaludon|Power Herb\n|-anim|p1b: Archaludon|Electro Shot|p2a: Rillaboom\n|-resisted|p2a: Rillaboom\n|-damage|p2a: Rillaboom|78\/100\n|move|p2b: Kingambit|Swords Dance|p2b: Kingambit\n|-boost|p2b: Kingambit|atk|2\n|\n|-heal|p2a: Rillaboom|84\/100|[from] Grassy Terrain\n|upkeep\n|turn|3\n|\n|t:|1733156897\n|move|p1b: Archaludon|Protect|p1b: Archaludon\n|-singleturn|p1b: Archaludon|Protect\n|move|p2a: Rillaboom|Fake Out|p1b: Archaludon\n|-activate|p1b: Archaludon|move: Protect\n|move|p1a: Vivillon|Sleep Powder|p2b: Kingambit\n|-activate|p2b: Kingambit|item: Safety Goggles|Sleep Powder\n|move|p2b: Kingambit|Swords Dance|p2b: Kingambit\n|-boost|p2b: Kingambit|atk|2\n|\n|-heal|p2a: Rillaboom|90\/100|[from] Grassy Terrain\n|upkeep\n|turn|4\n|\n|t:|1733156917\n|switch|p1b: Porygon2|Porygon2, L50|100\/100\n|-ability|p1b: Porygon2|Download|boost\n|-boost|p1b: Porygon2|spa|1\n|move|p2a: Rillaboom|Grassy Glide|p1b: Porygon2\n|-damage|p1b: Porygon2|77\/100\n|move|p2b: Kingambit|Sucker Punch||[still]\n|-fail|p2b: Kingambit\n|move|p1a: Vivillon|Hurricane|p2a: Rillaboom\n|-supereffective|p2a: Rillaboom\n|-damage|p2a: Rillaboom|20\/100\n|\n|-heal|p1b: Porygon2|83\/100|[from] Grassy Terrain\n|-heal|p2a: Rillaboom|26\/100|[from] Grassy Terrain\n|upkeep\n|turn|5\n|inactive|Slackermaru has 30 seconds left.\n|\n|t:|1733156947\n|-terastallize|p1b: Porygon2|Fighting\n|move|p2a: Rillaboom|Grassy Glide|p1a: Vivillon\n|-resisted|p1a: Vivillon\n|-damage|p1a: Vivillon|11\/100\n|move|p1a: Vivillon|Hurricane|p2a: Rillaboom\n|-supereffective|p2a: Rillaboom\n|-damage|p2a: Rillaboom|0 fnt\n|faint|p2a: Rillaboom\n|move|p1b: Porygon2|Tera Blast|p2b: Kingambit|[anim] Tera Blast Fighting\n|-supereffective|p2b: Kingambit\n|-damage|p2b: Kingambit|0 fnt\n|faint|p2b: Kingambit\n|\n|-heal|p1b: Porygon2|89\/100|[from] Grassy Terrain\n|-sideend|p1: Slackermaru|move: Tailwind\n|upkeep\n|\n|t:|1733156956\n|switch|p2a: Sneasler|Sneasler, L50, F|100\/100\n|switch|p2b: Basculegion|Basculegion, L50, M|100\/100\n|turn|6\n|\n|t:|1733156975\n|move|p2b: Basculegion|Wave Crash|p1b: Porygon2\n|-crit|p1b: Porygon2\n|-damage|p1b: Porygon2|16\/100\n|-damage|p2b: Basculegion|77\/100|[from] Recoil\n|move|p2a: Sneasler|Dire Claw|p1b: Porygon2\n|-damage|p1b: Porygon2|0 fnt\n|faint|p1b: Porygon2\n|move|p1a: Vivillon|Tailwind|p1a: Vivillon\n|-sidestart|p1: Slackermaru|move: Tailwind\n|\n|-heal|p2b: Basculegion|83\/100|[from] Grassy Terrain\n|-fieldend|move: Grassy Terrain\n|upkeep\n|\n|t:|1733156987\n|switch|p1b: Ursaluna|Ursaluna, L50, M|100\/100\n|turn|7\n|\n|t:|1733156994\n|move|p1a: Vivillon|Hurricane|p2a: Sneasler\n|-supereffective|p2a: Sneasler\n|-enditem|p2a: Sneasler|Focus Sash\n|-damage|p2a: Sneasler|1\/100\n|-start|p2a: Sneasler|confusion\n|-activate|p2a: Sneasler|confusion\n|move|p2a: Sneasler|Close Combat|p1b: Ursaluna\n|-supereffective|p1b: Ursaluna\n|-damage|p1b: Ursaluna|1\/100\n|-unboost|p2a: Sneasler|def|1\n|-unboost|p2a: Sneasler|spd|1\n|move|p2b: Basculegion|Wave Crash|p1a: Vivillon\n|-damage|p1a: Vivillon|0 fnt\n|faint|p1a: Vivillon\n|-damage|p2b: Basculegion|80\/100|[from] Recoil\n|move|p1b: Ursaluna|Earthquake|p2a: Sneasler|[spread] p2a,p2b\n|-supereffective|p2a: Sneasler\n|-damage|p2a: Sneasler|0 fnt\n|-damage|p2b: Basculegion|21\/100\n|faint|p2a: Sneasler\n|\n|-status|p1b: Ursaluna|brn|[from] item: Flame Orb\n|upkeep\n|\n|t:|1733157014\n|switch|p1a: Archaludon|Archaludon, L50, M|100\/100\n|turn|8\n|c|\u2606Pokequimico|NO WAY\n|c|\u2606Pokequimico|INVISIBLE SASH\n|-message|Pokequimico forfeited.\n|\n|win|Slackermaru\n|raw|Slackermaru's rating: 1760 &rarr; <strong>1782<\/strong><br \/>(+22 for winning)\n|raw|Pokequimico's rating: 1792 &rarr; <strong>1770<\/strong><br \/>(-22 for losing)\n|l|\u2606Pokequimico\n|player|p2|\n|l|\u2606Slackermaru\n|player|p1|\n","uploadtime":1733157303,"views":15,"formatid":"gen9vgc2024regh","rating":1770,"private":0,"password":null}