{"id":"gen9vgc2024regh-2255626286","format":"[Gen 9] VGC 2024 Reg H","players":["Bloodyknuckles","elvegis1"],"log":"|j|\u2606Bloodyknuckles\n|j|\u2606elvegis1\n|t:|1733196674\n|gametype|doubles\n|player|p1|Bloodyknuckles|1|1679\n|player|p2|elvegis1|lucas|1815\n|teamsize|p1|6\n|teamsize|p2|6\n|gen|9\n|tier|[Gen 9] VGC 2024 Reg H\n|rated|\n|rule|Species Clause: Limit one of each Pok\u00e9mon\n|rule|Item Clause: Limit 1 of each item\n|clearpoke\n|poke|p1|Annihilape, L50, M|\n|poke|p1|Corviknight, L50, M|\n|poke|p1|Tyranitar, L50, M|\n|poke|p1|Amoonguss, L50, F|\n|poke|p1|Incineroar, L50, F|\n|poke|p1|Ursaluna-Bloodmoon, L50, M|\n|poke|p2|Incineroar, L50, F|\n|poke|p2|Kingambit, L50, M|\n|poke|p2|Dusclops, L50, M|\n|poke|p2|Gastrodon-East, L50, M|\n|poke|p2|Ursaluna-Bloodmoon, L50, M|\n|poke|p2|Zoroark-Hisui, L50, M|\n|teampreview|4\n|inactive|Battle timer is ON: inactive players will automatically lose when time's up. (requested by Bloodyknuckles)\n|j| OminousFactory\n|inactive|elvegis1 has 60 seconds left.\n|\n|t:|1733196714\n|start\n|switch|p1a: Annihilape|Annihilape, L50, M|100\/100\n|switch|p1b: Tyranitar|Tyranitar, L50, M|100\/100\n|switch|p2a: Kingambit|Kingambit, L50, M|100\/100\n|switch|p2b: Gastrodon|Gastrodon-East, L50, M|100\/100\n|-weather|Sandstorm|[from] ability: Sand Stream|[of] p1b: Tyranitar\n|turn|1\n|inactive|Bloodyknuckles has 30 seconds left.\n|\n|t:|1733196739\n|-terastallize|p1b: Tyranitar|Flying\n|-terastallize|p2a: Kingambit|Flying\n|move|p1a: Annihilape|Coaching|p1b: Tyranitar\n|-boost|p1b: Tyranitar|atk|1\n|-boost|p1b: Tyranitar|def|1\n|move|p1b: Tyranitar|Knock Off|p2b: Gastrodon\n|-damage|p2b: Gastrodon|18\/100\n|-enditem|p2b: Gastrodon|Leftovers|[from] move: Knock Off|[of] p1b: Tyranitar\n|move|p2a: Kingambit|Tera Blast|p1a: Annihilape|[anim] Tera Blast Flying\n|-supereffective|p1a: Annihilape\n|-damage|p1a: Annihilape|3\/100\n|move|p2b: Gastrodon|Yawn|p1b: Tyranitar\n|-start|p1b: Tyranitar|move: Yawn|[of] p2b: Gastrodon\n|\n|-weather|Sandstorm|[upkeep]\n|-damage|p1a: Annihilape|0 fnt|[from] Sandstorm\n|-damage|p1b: Tyranitar|95\/100|[from] Sandstorm\n|faint|p1a: Annihilape\n|upkeep\n|\n|t:|1733196755\n|switch|p1a: Ursaluna|Ursaluna-Bloodmoon, L50, M|100\/100\n|turn|2\n|\n|t:|1733196764\n|move|p2a: Kingambit|Protect|p2a: Kingambit\n|-singleturn|p2a: Kingambit|Protect\n|move|p1b: Tyranitar|Knock Off|p2a: Kingambit\n|-activate|p2a: Kingambit|move: Protect\n|move|p1a: Ursaluna|Hyper Voice|p2a: Kingambit|[spread] p2b\n|-activate|p2a: Kingambit|move: Protect\n|-damage|p2b: Gastrodon|0 fnt\n|faint|p2b: Gastrodon\n|-damage|p1a: Ursaluna|91\/100|[from] item: Life Orb\n|\n|-weather|Sandstorm|[upkeep]\n|-damage|p1b: Tyranitar|89\/100|[from] Sandstorm\n|-end|p1b: Tyranitar|move: Yawn|[silent]\n|-status|p1b: Tyranitar|slp\n|upkeep\n|\n|t:|1733196783\n|switch|p2b: Ursaluna|Ursaluna-Bloodmoon, L50, M|100\/100\n|turn|3\n|inactive|Bloodyknuckles has 30 seconds left.\n|\n|t:|1733196813\n|cant|p1b: Tyranitar|slp\n|move|p1a: Ursaluna|Hyper Voice|p2a: Kingambit|[spread] p2a,p2b\n|-damage|p2a: Kingambit|54\/100\n|-damage|p2b: Ursaluna|62\/100\n|-damage|p1a: Ursaluna|81\/100|[from] item: Life Orb\n|move|p2b: Ursaluna|Blood Moon|p1a: Ursaluna\n|-damage|p1a: Ursaluna|0 fnt\n|faint|p1a: Ursaluna\n|move|p2a: Kingambit|Kowtow Cleave|p1b: Tyranitar\n|-damage|p1b: Tyranitar|62\/100 slp\n|\n|-weather|Sandstorm|[upkeep]\n|-damage|p1b: Tyranitar|57\/100 slp|[from] Sandstorm\n|upkeep\n|\n|t:|1733196824\n|switch|p1a: Corviknight|Corviknight, L50, M|100\/100\n|turn|4\n|\n|t:|1733196837\n|switch|p2b: Incineroar|Incineroar, L50, F|100\/100\n|-ability|p2b: Incineroar|Intimidate|boost\n|-ability|p1a: Corviknight|Mirror Armor\n|-unboost|p2b: Incineroar|atk|1\n|-unboost|p1b: Tyranitar|atk|1\n|move|p1a: Corviknight|Bulk Up|p1a: Corviknight\n|-boost|p1a: Corviknight|atk|1\n|-boost|p1a: Corviknight|def|1\n|cant|p1b: Tyranitar|slp\n|move|p2a: Kingambit|Kowtow Cleave|p1b: Tyranitar\n|-damage|p1b: Tyranitar|28\/100 slp\n|\n|-weather|Sandstorm|[upkeep]\n|-damage|p1b: Tyranitar|22\/100 slp|[from] Sandstorm\n|-damage|p2b: Incineroar|95\/100|[from] Sandstorm\n|upkeep\n|turn|5\n|\n|t:|1733196860\n|move|p2b: Incineroar|Fake Out|p1a: Corviknight\n|-resisted|p1a: Corviknight\n|-damage|p1a: Corviknight|99\/100\n|move|p2a: Kingambit|Sucker Punch|p1b: Tyranitar\n|-damage|p1b: Tyranitar|0 fnt\n|faint|p1b: Tyranitar\n|cant|p1a: Corviknight|flinch\n|\n|-weather|none\n|upkeep\n|turn|6\n|\n|t:|1733196869\n|move|p1a: Corviknight|Bulk Up|p1a: Corviknight\n|-boost|p1a: Corviknight|atk|1\n|-boost|p1a: Corviknight|def|1\n|move|p2b: Incineroar|Knock Off|p1a: Corviknight\n|-damage|p1a: Corviknight|87\/100\n|-enditem|p1a: Corviknight|Sitrus Berry|[from] move: Knock Off|[of] p2b: Incineroar\n|move|p2a: Kingambit|Kowtow Cleave|p1a: Corviknight\n|-damage|p1a: Corviknight|67\/100\n|\n|upkeep\n|turn|7\n|\n|t:|1733196881\n|move|p1a: Corviknight|Bulk Up|p1a: Corviknight\n|-boost|p1a: Corviknight|atk|1\n|-boost|p1a: Corviknight|def|1\n|move|p2b: Incineroar|Flare Blitz|p1a: Corviknight\n|-supereffective|p1a: Corviknight\n|-damage|p1a: Corviknight|44\/100\n|-damage|p2b: Incineroar|87\/100|[from] Recoil\n|move|p2a: Kingambit|Kowtow Cleave|p1a: Corviknight\n|-damage|p1a: Corviknight|27\/100\n|\n|upkeep\n|turn|8\n|\n|t:|1733196897\n|move|p1a: Corviknight|Roost|p1a: Corviknight\n|-heal|p1a: Corviknight|77\/100\n|-singleturn|p1a: Corviknight|move: Roost\n|move|p2b: Incineroar|Flare Blitz|p1a: Corviknight\n|-supereffective|p1a: Corviknight\n|-damage|p1a: Corviknight|56\/100\n|-damage|p2b: Incineroar|79\/100|[from] Recoil\n|move|p2a: Kingambit|Kowtow Cleave|p1a: Corviknight\n|-damage|p1a: Corviknight|40\/100\n|\n|upkeep\n|turn|9\n|\n|t:|1733196911\n|move|p1a: Corviknight|Roost|p1a: Corviknight\n|-heal|p1a: Corviknight|90\/100\n|-singleturn|p1a: Corviknight|move: Roost\n|move|p2b: Incineroar|Flare Blitz|p1a: Corviknight\n|-supereffective|p1a: Corviknight\n|-damage|p1a: Corviknight|65\/100\n|-damage|p2b: Incineroar|71\/100|[from] Recoil\n|move|p2a: Kingambit|Kowtow Cleave|p1a: Corviknight\n|-damage|p1a: Corviknight|50\/100\n|\n|upkeep\n|turn|10\n|\n|t:|1733196923\n|move|p1a: Corviknight|Roost|p1a: Corviknight\n|-heal|p1a: Corviknight|99\/100\n|-singleturn|p1a: Corviknight|move: Roost\n|move|p2b: Incineroar|Flare Blitz|p1a: Corviknight\n|-supereffective|p1a: Corviknight\n|-damage|p1a: Corviknight|78\/100\n|-damage|p2b: Incineroar|63\/100|[from] Recoil\n|move|p2a: Kingambit|Kowtow Cleave|p1a: Corviknight\n|-damage|p1a: Corviknight|61\/100\n|\n|upkeep\n|turn|11\n|\n|t:|1733196944\n|move|p1a: Corviknight|Bulk Up|p1a: Corviknight\n|-boost|p1a: Corviknight|atk|1\n|-boost|p1a: Corviknight|def|1\n|move|p2b: Incineroar|Flare Blitz|p1a: Corviknight\n|-supereffective|p1a: Corviknight\n|-damage|p1a: Corviknight|45\/100\n|-damage|p2b: Incineroar|58\/100|[from] Recoil\n|move|p2a: Kingambit|Kowtow Cleave|p1a: Corviknight\n|-damage|p1a: Corviknight|32\/100\n|\n|upkeep\n|turn|12\n|\n|t:|1733196961\n|switch|p2b: Ursaluna|Ursaluna-Bloodmoon, L50, M|62\/100\n|move|p1a: Corviknight|Roost|p1a: Corviknight\n|-heal|p1a: Corviknight|82\/100\n|-singleturn|p1a: Corviknight|move: Roost\n|move|p2a: Kingambit|Kowtow Cleave|p1a: Corviknight\n|-damage|p1a: Corviknight|68\/100\n|\n|upkeep\n|turn|13\n|\n|t:|1733196980\n|move|p2b: Ursaluna|Vacuum Wave|p1a: Corviknight\n|-damage|p1a: Corviknight|54\/100\n|move|p1a: Corviknight|Brave Bird|p2b: Ursaluna\n|-damage|p2b: Ursaluna|0 fnt\n|faint|p2b: Ursaluna\n|-damage|p1a: Corviknight|33\/100|[from] Recoil\n|move|p2a: Kingambit|Kowtow Cleave|p1a: Corviknight\n|-damage|p1a: Corviknight|20\/100\n|\n|upkeep\n|\n|t:|1733196990\n|switch|p2b: Incineroar|Incineroar, L50, F|58\/100\n|-ability|p2b: Incineroar|Intimidate|boost\n|-ability|p1a: Corviknight|Mirror Armor\n|-unboost|p2b: Incineroar|atk|1\n|turn|14\n|\n|t:|1733196994\n|move|p2b: Incineroar|Fake Out|p1a: Corviknight\n|-resisted|p1a: Corviknight\n|-crit|p1a: Corviknight\n|-damage|p1a: Corviknight|13\/100\n|cant|p1a: Corviknight|flinch\n|move|p2a: Kingambit|Kowtow Cleave|p1a: Corviknight\n|-damage|p1a: Corviknight|0 fnt\n|faint|p1a: Corviknight\n|\n|win|elvegis1\n|raw|Bloodyknuckles's rating: 1679 &rarr; <strong>1666<\/strong><br \/>(-13 for losing)\n|raw|elvegis1's rating: 1815 &rarr; <strong>1828<\/strong><br \/>(+13 for winning)\n|l| OminousFactory\n|l|\u2606Bloodyknuckles\n|player|p1|\n|l|\u2606elvegis1\n|player|p2|\n","uploadtime":1733197216,"views":8,"formatid":"gen9vgc2024regh","rating":1666,"private":0,"password":null}