{"id":"gen9vgc2024regh-2255899326","format":"[Gen 9] VGC 2024 Reg H","players":["futonkagebunshin","Djjwjwwjj"],"log":"|j|\u2606futonkagebunshin\n|j|\u2606Djjwjwwjj\n|t:|1733238387\n|gametype|doubles\n|player|p1|futonkagebunshin|policeman-gen4|1742\n|player|p2|Djjwjwwjj|266|1750\n|teamsize|p1|6\n|teamsize|p2|6\n|gen|9\n|tier|[Gen 9] VGC 2024 Reg H\n|rated|\n|rule|Species Clause: Limit one of each Pok\u00e9mon\n|rule|Item Clause: Limit 1 of each item\n|clearpoke\n|poke|p1|Dragonite, L50, F|\n|poke|p1|Ursaluna, L50, F|\n|poke|p1|Tyranitar, L50, M|\n|poke|p1|Typhlosion-Hisui, L50, F|\n|poke|p1|Rotom-Wash, L50|\n|poke|p1|Maushold, L50|\n|poke|p2|Palafin, L50, F|\n|poke|p2|Pelipper, L50, M|\n|poke|p2|Rillaboom, L50, M|\n|poke|p2|Electabuzz, L50, F|\n|poke|p2|Gholdengo, L50|\n|poke|p2|Incineroar, L50, M|\n|teampreview|4\n|inactive|Battle timer is ON: inactive players will automatically lose when time's up. (requested by Djjwjwwjj)\n|j| stewpeed\n|inactive|futonkagebunshin has 60 seconds left.\n|\n|t:|1733238419\n|start\n|switch|p1a: Dragonite|Dragonite, L50, F|100\/100\n|switch|p1b: Typhlosion|Typhlosion-Hisui, L50, F|100\/100\n|switch|p2a: Incineroar|Incineroar, L50, M|100\/100\n|switch|p2b: Gholdengo|Gholdengo, L50|100\/100\n|-ability|p2a: Incineroar|Intimidate|boost\n|-fail|p1a: Dragonite|unboost|Attack|[from] ability: Inner Focus|[of] p1a: Dragonite\n|-unboost|p1b: Typhlosion|atk|1\n|turn|1\n|\n|t:|1733238438\n|switch|p2b: Pelipper|Pelipper, L50, M|100\/100\n|-weather|RainDance|[from] ability: Drizzle|[of] p2b: Pelipper\n|-terastallize|p1a: Dragonite|Normal\n|move|p1a: Dragonite|Extreme Speed|p2a: Incineroar\n|-damage|p2a: Incineroar|36\/100\n|move|p1b: Typhlosion|Eruption|p2b: Pelipper|[spread] p2a,p2b\n|-resisted|p2a: Incineroar\n|-resisted|p2b: Pelipper\n|-damage|p2a: Incineroar|18\/100\n|-damage|p2b: Pelipper|65\/100\n|move|p2a: Incineroar|Knock Off|p1b: Typhlosion\n|-supereffective|p1b: Typhlosion\n|-damage|p1b: Typhlosion|0 fnt\n|-enditem|p1b: Typhlosion|Choice Specs|[from] move: Knock Off|[of] p2a: Incineroar\n|faint|p1b: Typhlosion\n|\n|-weather|RainDance|[upkeep]\n|upkeep\n|\n|t:|1733238450\n|switch|p1b: Tyranitar|Tyranitar, L50, M|100\/100\n|-weather|Sandstorm|[from] ability: Sand Stream|[of] p1b: Tyranitar\n|turn|2\n|inactive|futonkagebunshin has 30 seconds left.\n|inactive|Djjwjwwjj has 30 seconds left.\n|inactive|Djjwjwwjj has 20 seconds left.\n|inactive|Djjwjwwjj has 15 seconds left.\n|inactive|Djjwjwwjj has 10 seconds left.\n|\n|t:|1733238496\n|switch|p2b: Rillaboom|Rillaboom, L50, M|100\/100\n|-fieldstart|move: Grassy Terrain|[from] ability: Grassy Surge|[of] p2b: Rillaboom\n|-terastallize|p2a: Incineroar|Ghost\n|move|p1a: Dragonite|Extreme Speed|p2a: Incineroar\n|-immune|p2a: Incineroar\n|move|p2a: Incineroar|Parting Shot|p1b: Tyranitar\n|-unboost|p1b: Tyranitar|atk|1\n|-unboost|p1b: Tyranitar|spa|1\n|\n|t:|1733238508\n|switch|p2a: Pelipper|Pelipper, L50, M|65\/100|[from] Parting Shot\n|-weather|RainDance|[from] ability: Drizzle|[of] p2a: Pelipper\n|move|p1b: Tyranitar|Knock Off|p2b: Rillaboom\n|-damage|p2b: Rillaboom|67\/100\n|-enditem|p2b: Rillaboom|Assault Vest|[from] move: Knock Off|[of] p1b: Tyranitar\n|\n|-weather|RainDance|[upkeep]\n|-heal|p2b: Rillaboom|72\/100|[from] Grassy Terrain\n|upkeep\n|turn|3\n|\n|t:|1733238524\n|switch|p1b: Maushold|Maushold, L50|100\/100\n|move|p1a: Dragonite|Extreme Speed|p2b: Rillaboom\n|-damage|p2b: Rillaboom|8\/100\n|move|p2a: Pelipper|Weather Ball|p1b: Maushold\n|-damage|p1b: Maushold|42\/100\n|move|p2b: Rillaboom|Wood Hammer|p1a: Dragonite\n|-damage|p1a: Dragonite|45\/100\n|-damage|p2b: Rillaboom|0 fnt|[from] Recoil\n|faint|p2b: Rillaboom\n|\n|-weather|RainDance|[upkeep]\n|-heal|p1b: Maushold|49\/100|[from] Grassy Terrain\n|-heal|p1a: Dragonite|51\/100|[from] Grassy Terrain\n|upkeep\n|\n|t:|1733238542\n|switch|p2b: Gholdengo|Gholdengo, L50|100\/100\n|turn|4\n|\n|t:|1733238555\n|switch|p1a: Tyranitar|Tyranitar, L50, M|100\/100\n|-weather|Sandstorm|[from] ability: Sand Stream|[of] p1a: Tyranitar\n|move|p1b: Maushold|Protect|p1b: Maushold\n|-singleturn|p1b: Maushold|Protect\n|move|p2a: Pelipper|Weather Ball|p1b: Maushold\n|-activate|p1b: Maushold|move: Protect\n|move|p2b: Gholdengo|Nasty Plot|p2b: Gholdengo\n|-boost|p2b: Gholdengo|spa|2\n|\n|-weather|Sandstorm|[upkeep]\n|-damage|p2a: Pelipper|59\/100|[from] Sandstorm\n|-damage|p1b: Maushold|42\/100|[from] Sandstorm\n|-heal|p1b: Maushold|49\/100|[from] Grassy Terrain\n|upkeep\n|turn|5\n|inactive|futonkagebunshin has 30 seconds left.\n|inactive|futonkagebunshin has 20 seconds left.\n|\n|t:|1733238592\n|switch|p2a: Incineroar|Incineroar, L50, M, tera:Ghost|18\/100\n|-ability|p2a: Incineroar|Intimidate|boost\n|-unboost|p1a: Tyranitar|atk|1\n|-unboost|p1b: Maushold|atk|1\n|switch|p1b: Dragonite|Dragonite, L50, F, tera:Normal|51\/100\n|move|p2b: Gholdengo|Make It Rain|p1a: Tyranitar|[spread] p1a,p1b\n|-supereffective|p1a: Tyranitar\n|-damage|p1a: Tyranitar|34\/100\n|-damage|p1b: Dragonite|0 fnt\n|-unboost|p2b: Gholdengo|spa|1\n|faint|p1b: Dragonite\n|move|p1a: Tyranitar|Knock Off|p2a: Incineroar\n|-supereffective|p2a: Incineroar\n|-damage|p2a: Incineroar|0 fnt\n|-enditem|p2a: Incineroar|Mirror Herb|[from] move: Knock Off|[of] p1a: Tyranitar\n|faint|p2a: Incineroar\n|\n|-weather|Sandstorm|[upkeep]\n|-heal|p1a: Tyranitar|40\/100|[from] Grassy Terrain\n|upkeep\n|inactive|futonkagebunshin has 30 seconds left.\n|inactive|futonkagebunshin has 20 seconds left.\n|\n|t:|1733238630\n|switch|p2a: Pelipper|Pelipper, L50, M|59\/100\n|switch|p1b: Maushold|Maushold, L50|49\/100\n|-weather|RainDance|[from] ability: Drizzle|[of] p2a: Pelipper\n|turn|6\n|-message|futonkagebunshin forfeited.\n|\n|win|Djjwjwwjj\n|raw|futonkagebunshin's rating: 1742 &rarr; <strong>1722<\/strong><br \/>(-20 for losing)\n|raw|Djjwjwwjj's rating: 1750 &rarr; <strong>1770<\/strong><br \/>(+20 for winning)\n|l| stewpeed\n|l|\u2606Djjwjwwjj\n|player|p2|\n|l|\u2606futonkagebunshin\n|player|p1|\n","uploadtime":1733238898,"views":16,"formatid":"gen9vgc2024regh","rating":1722,"private":0,"password":null}