{"id":"gen9vgc2024regh-2255083724","format":"[Gen 9] VGC 2024 Reg H","players":["futonkagebunshin","pkmnallrounder"],"log":"|j|\u2606futonkagebunshin\n|j|\u2606pkmnallrounder\n|t:|1733135874\n|gametype|doubles\n|player|p1|futonkagebunshin|policeman-gen4|1729\n|player|p2|pkmnallrounder|2|1651\n|teamsize|p1|6\n|teamsize|p2|6\n|gen|9\n|tier|[Gen 9] VGC 2024 Reg H\n|rated|\n|rule|Species Clause: Limit one of each Pok\u00e9mon\n|rule|Item Clause: Limit 1 of each item\n|clearpoke\n|poke|p1|Kilowattrel, L50, F|\n|poke|p1|Garchomp, L50, M|\n|poke|p1|Ninetales-Alola, L50, F|\n|poke|p1|Typhlosion-Hisui, L50, F|\n|poke|p1|Oranguru, L50, F|\n|poke|p1|Tsareena, L50, F|\n|poke|p2|Typhlosion-Hisui, L50, F|\n|poke|p2|Torkoal, L50, F|\n|poke|p2|Lilligant-Hisui, L50, F|\n|poke|p2|Garchomp, L50, F|\n|poke|p2|Kingambit, L50, F|\n|poke|p2|Whimsicott, L50, M|\n|teampreview|4\n|\n|t:|1733135989\n|start\n|switch|p1a: Garchomp|Garchomp, L50, M|100\/100\n|switch|p1b: Oranguru|Oranguru, L50, F|100\/100\n|switch|p2a: Whimsicott|Whimsicott, L50, M|100\/100\n|switch|p2b: Garchomp|Garchomp, L50, F|100\/100\n|turn|1\n|j| WattoVGC\n|inactive|Battle timer is ON: inactive players will automatically lose when time's up. (requested by pkmnallrounder)\n|inactive|futonkagebunshin has 60 seconds left.\n|\n|t:|1733136130\n|move|p2a: Whimsicott|Moonblast|p1a: Garchomp\n|-supereffective|p1a: Garchomp\n|-damage|p1a: Garchomp|35\/100\n|move|p1a: Garchomp|Earthquake|p2b: Garchomp|[spread] p2a,p2b\n|-activate|p1b: Oranguru|ability: Telepathy\n|-resisted|p2a: Whimsicott\n|-damage|p2a: Whimsicott|70\/100\n|-damage|p2b: Garchomp|44\/100\n|-damage|p1a: Garchomp|25\/100|[from] item: Life Orb\n|move|p2b: Garchomp|Earthquake|p1a: Garchomp|[spread] p2a,p1a,p1b\n|-resisted|p2a: Whimsicott\n|-damage|p2a: Whimsicott|39\/100\n|-damage|p1a: Garchomp|0 fnt\n|-damage|p1b: Oranguru|62\/100\n|faint|p1a: Garchomp\n|-damage|p2b: Garchomp|34\/100|[from] item: Life Orb\n|move|p1b: Oranguru|Tera Blast|p2a: Whimsicott\n|-damage|p2a: Whimsicott|6\/100\n|\n|upkeep\n|\n|t:|1733136147\n|switch|p1a: Kilowattrel|Kilowattrel, L50, F|100\/100\n|turn|2\n|\n|t:|1733136160\n|move|p2a: Whimsicott|Tailwind|p2a: Whimsicott\n|-sidestart|p2: pkmnallrounder|move: Tailwind\n|move|p2b: Garchomp|Dragon Claw|p1a: Kilowattrel\n|-enditem|p1a: Kilowattrel|Focus Sash\n|-damage|p1a: Kilowattrel|1\/100\n|-damage|p2b: Garchomp|25\/100|[from] item: Life Orb\n|move|p1a: Kilowattrel|Tailwind|p1a: Kilowattrel\n|-sidestart|p1: futonkagebunshin|move: Tailwind\n|move|p1b: Oranguru|Tera Blast|p2a: Whimsicott\n|-crit|p2a: Whimsicott\n|-damage|p2a: Whimsicott|0 fnt\n|faint|p2a: Whimsicott\n|\n|upkeep\n|\n|t:|1733136163\n|switch|p2a: Torkoal|Torkoal, L50, F|100\/100\n|-weather|SunnyDay|[from] ability: Drought|[of] p2a: Torkoal\n|turn|3\n|inactive|futonkagebunshin has 30 seconds left.\n|inactive|futonkagebunshin has 20 seconds left.\n|inactive|futonkagebunshin has 15 seconds left.\n|inactive|futonkagebunshin has 10 seconds left.\n|\n|t:|1733136213\n|move|p2b: Garchomp|Protect|p2b: Garchomp\n|-singleturn|p2b: Garchomp|Protect\n|move|p1a: Kilowattrel|Air Slash|p2a: Torkoal\n|-damage|p2a: Torkoal|58\/100\n|cant|p2a: Torkoal|flinch\n|move|p1b: Oranguru|Trick Room|p1b: Oranguru\n|-fieldstart|move: Trick Room|[of] p1b: Oranguru\n|\n|-weather|SunnyDay|[upkeep]\n|upkeep\n|turn|4\n|inactive|futonkagebunshin has 30 seconds left.\n|inactive|pkmnallrounder has 30 seconds left.\n|inactive|futonkagebunshin has 20 seconds left.\n|inactive|futonkagebunshin has 15 seconds left.\n|inactive|futonkagebunshin has 10 seconds left.\n|inactive|futonkagebunshin has 5 seconds left.\n|\n|t:|1733136264\n|switch|p2b: Typhlosion|Typhlosion-Hisui, L50, F|100\/100\n|-item|p1b: Oranguru|Mental Herb|[from] ability: Frisk|[of] p2b: Typhlosion\n|-terastallize|p2a: Torkoal|Fire\n|-terastallize|p1b: Oranguru|Dragon\n|move|p1a: Kilowattrel|Protect|p1a: Kilowattrel\n|-singleturn|p1a: Kilowattrel|Protect\n|move|p2a: Torkoal|Eruption|p1b: Oranguru|[spread] p1b\n|-activate|p1a: Kilowattrel|move: Protect\n|-resisted|p1b: Oranguru\n|-damage|p1b: Oranguru|35\/100\n|move|p1b: Oranguru|Tera Blast|p2b: Typhlosion|[anim] Tera Blast Dragon\n|-damage|p2b: Typhlosion|68\/100\n|\n|-weather|SunnyDay|[upkeep]\n|upkeep\n|turn|5\n|inactive|futonkagebunshin has 30 seconds left.\n|\n|t:|1733136299\n|move|p2a: Torkoal|Eruption|p1b: Oranguru|[spread] p1a,p1b\n|-resisted|p1b: Oranguru\n|-damage|p1a: Kilowattrel|0 fnt\n|-damage|p1b: Oranguru|9\/100\n|faint|p1a: Kilowattrel\n|move|p1b: Oranguru|Tera Blast|p2a: Torkoal|[anim] Tera Blast Dragon\n|-crit|p2a: Torkoal\n|-damage|p2a: Torkoal|8\/100\n|move|p2b: Typhlosion|Shadow Ball|p1b: Oranguru\n|-damage|p1b: Oranguru|0 fnt\n|faint|p1b: Oranguru\n|\n|-weather|SunnyDay|[upkeep]\n|-sideend|p2: pkmnallrounder|move: Tailwind\n|-sideend|p1: futonkagebunshin|move: Tailwind\n|upkeep\n|\n|t:|1733136307\n|switch|p1a: Typhlosion|Typhlosion-Hisui, L50, F|100\/100\n|-item|p2a: Torkoal|Charcoal|[from] ability: Frisk|[of] p1a: Typhlosion\n|-item|p2b: Typhlosion|Choice Specs|[from] ability: Frisk|[of] p1a: Typhlosion\n|turn|6\n|\n|t:|1733136314\n|move|p1a: Typhlosion|Protect|p1a: Typhlosion\n|-singleturn|p1a: Typhlosion|Protect\n|move|p2a: Torkoal|Weather Ball|p1a: Typhlosion\n|-activate|p1a: Typhlosion|move: Protect\n|move|p2b: Typhlosion|Shadow Ball|p1a: Typhlosion\n|-activate|p1a: Typhlosion|move: Protect\n|\n|-weather|SunnyDay|[upkeep]\n|upkeep\n|turn|7\n|inactive|pkmnallrounder has 30 seconds left.\n|\n|t:|1733136344\n|move|p2a: Torkoal|Weather Ball|p1a: Typhlosion\n|-resisted|p1a: Typhlosion\n|-damage|p1a: Typhlosion|32\/100\n|move|p1a: Typhlosion|Shadow Ball|p2b: Typhlosion\n|-supereffective|p2b: Typhlosion\n|-damage|p2b: Typhlosion|0 fnt\n|faint|p2b: Typhlosion\n|\n|-weather|none\n|-fieldend|move: Trick Room\n|upkeep\n|\n|t:|1733136350\n|switch|p2b: Garchomp|Garchomp, L50, F|25\/100\n|turn|8\n|\n|t:|1733136357\n|move|p1a: Typhlosion|Protect|p1a: Typhlosion\n|-singleturn|p1a: Typhlosion|Protect\n|move|p2b: Garchomp|Stomping Tantrum|p1a: Typhlosion\n|-activate|p1a: Typhlosion|move: Protect\n|move|p2a: Torkoal|Eruption|p1a: Typhlosion\n|-activate|p1a: Typhlosion|move: Protect\n|\n|upkeep\n|turn|9\n|\n|t:|1733136373\n|move|p2b: Garchomp|Stomping Tantrum|p1a: Typhlosion\n|-supereffective|p1a: Typhlosion\n|-damage|p1a: Typhlosion|0 fnt\n|faint|p1a: Typhlosion\n|-damage|p2b: Garchomp|15\/100|[from] item: Life Orb\n|\n|win|pkmnallrounder\n|raw|futonkagebunshin's rating: 1729 &rarr; <strong>1705<\/strong><br \/>(-24 for losing)\n|raw|pkmnallrounder's rating: 1651 &rarr; <strong>1675<\/strong><br \/>(+24 for winning)\n|l|\u2606pkmnallrounder\n|player|p2|\n|l| WattoVGC\n|l|\u2606futonkagebunshin\n|player|p1|\n","uploadtime":1733136574,"views":3,"formatid":"gen9vgc2024regh","rating":1675,"private":0,"password":null}