{"id":"gen9vgc2024regh-2255229595","format":"[Gen 9] VGC 2024 Reg H","players":["freeeds","Pokequimico"],"log":"|j|\u2606freeeds\n|j|\u2606Pokequimico\n|t:|1733154538\n|gametype|doubles\n|player|p1|freeeds|cynthia|1679\n|player|p2|Pokequimico|scientist|1779\n|teamsize|p1|6\n|teamsize|p2|6\n|gen|9\n|tier|[Gen 9] VGC 2024 Reg H\n|rated|\n|rule|Species Clause: Limit one of each Pok\u00e9mon\n|rule|Item Clause: Limit 1 of each item\n|clearpoke\n|poke|p1|Milotic, L50, M|\n|poke|p1|Tyranitar, L50, F|\n|poke|p1|Talonflame, L50, M|\n|poke|p1|Garchomp, L50, F|\n|poke|p1|Amoonguss, L50, F|\n|poke|p1|Gholdengo, L50|\n|poke|p2|Sneasler, L50, M|\n|poke|p2|Kingambit, L50, M|\n|poke|p2|Dragonite, L50, F|\n|poke|p2|Basculegion, L50, M|\n|poke|p2|Rillaboom, L50, M|\n|poke|p2|Volcarona, L50, M|\n|teampreview|4\n|inactive|Battle timer is ON: inactive players will automatically lose when time's up. (requested by Pokequimico)\n|j| lf99po\n|\n|t:|1733154591\n|start\n|switch|p1a: Talonflame|Talonflame, L50, M|100\/100\n|switch|p1b: Tyranitar|Tyranitar, L50, F|100\/100\n|switch|p2a: Sneasler|Sneasler, L50, M|100\/100\n|switch|p2b: Basculegion|Basculegion, L50, M|100\/100\n|-weather|Sandstorm|[from] ability: Sand Stream|[of] p1b: Tyranitar\n|turn|1\n|inactive|Pokequimico has 30 seconds left.\n|inactive|Pokequimico has 20 seconds left.\n|inactive|Pokequimico has 15 seconds left.\n|inactive|Pokequimico has 10 seconds left.\n|inactive|Pokequimico has 5 seconds left.\n|\n|t:|1733154646\n|switch|p1b: Amoonguss|Amoonguss, L50, F|100\/100\n|move|p1a: Talonflame|Tailwind|p1a: Talonflame\n|-sidestart|p1: freeeds|move: Tailwind\n|move|p2b: Basculegion|Wave Crash|p1b: Amoonguss\n|-resisted|p1b: Amoonguss\n|-damage|p1b: Amoonguss|68\/100\n|-damage|p2b: Basculegion|89\/100|[from] Recoil\n|move|p2a: Sneasler|Dire Claw|p1a: Talonflame\n|-damage|p1a: Talonflame|43\/100\n|\n|-weather|Sandstorm|[upkeep]\n|-damage|p1a: Talonflame|38\/100|[from] Sandstorm\n|-damage|p2b: Basculegion|83\/100|[from] Sandstorm\n|-damage|p2a: Sneasler|95\/100|[from] Sandstorm\n|-damage|p1b: Amoonguss|62\/100|[from] Sandstorm\n|upkeep\n|turn|2\n|inactive|Pokequimico has 30 seconds left.\n|\n|t:|1733154673\n|switch|p2a: Kingambit|Kingambit, L50, M|100\/100\n|-terastallize|p2b: Basculegion|Grass\n|move|p1a: Talonflame|Brave Bird|p2a: Kingambit\n|-resisted|p2a: Kingambit\n|-damage|p2a: Kingambit|84\/100\n|-damage|p1a: Talonflame|31\/100|[from] Recoil\n|move|p2b: Basculegion|Wave Crash|p1a: Talonflame\n|-supereffective|p1a: Talonflame\n|-damage|p1a: Talonflame|0 fnt\n|faint|p1a: Talonflame\n|-damage|p2b: Basculegion|74\/100|[from] Recoil\n|move|p1b: Amoonguss|Spore|p2b: Basculegion\n|-immune|p2b: Basculegion\n|\n|-weather|Sandstorm|[upkeep]\n|-damage|p2b: Basculegion|68\/100|[from] Sandstorm\n|-damage|p1b: Amoonguss|57\/100|[from] Sandstorm\n|upkeep\n|\n|t:|1733154681\n|switch|p1a: Tyranitar|Tyranitar, L50, F|100\/100\n|turn|3\n|inactive|freeeds has 30 seconds left.\n|inactive|Pokequimico has 30 seconds left.\n|inactive|Pokequimico has 20 seconds left.\n|inactive|freeeds has 20 seconds left.\n|inactive|Pokequimico has 15 seconds left.\n|inactive|freeeds has 15 seconds left.\n|inactive|Pokequimico has 10 seconds left.\n|inactive|freeeds has 10 seconds left.\n|inactive|freeeds has 5 seconds left.\n|\n|t:|1733154740\n|switch|p2b: Sneasler|Sneasler, L50, M|95\/100\n|switch|p1b: Milotic|Milotic, L50, M|100\/100\n|-terastallize|p1a: Tyranitar|Flying\n|move|p2a: Kingambit|Protect|p2a: Kingambit\n|-singleturn|p2a: Kingambit|Protect\n|move|p1a: Tyranitar|Low Kick|p2a: Kingambit\n|-activate|p2a: Kingambit|move: Protect\n|\n|-weather|Sandstorm|[upkeep]\n|-damage|p2b: Sneasler|89\/100|[from] Sandstorm\n|-damage|p1a: Tyranitar|95\/100|[from] Sandstorm\n|upkeep\n|turn|4\n|j| I am Punk Girl\n|inactive|Pokequimico has 30 seconds left.\n|inactive|freeeds has 30 seconds left.\n|inactive|Pokequimico has 20 seconds left.\n|inactive|freeeds has 20 seconds left.\n|inactive|Pokequimico has 15 seconds left.\n|inactive|Pokequimico has 10 seconds left.\n|\n|t:|1733154788\n|switch|p2a: Dragonite|Dragonite, L50, F|100\/100\n|move|p2b: Sneasler|Protect|p2b: Sneasler\n|-singleturn|p2b: Sneasler|Protect\n|move|p1b: Milotic|Icy Wind|p2a: Dragonite|[spread] p2a\n|-activate|p2b: Sneasler|move: Protect\n|-supereffective|p2a: Dragonite\n|-damage|p2a: Dragonite|77\/100\n|-unboost|p2a: Dragonite|spe|1\n|move|p1a: Tyranitar|Low Kick|p2a: Dragonite\n|-resisted|p2a: Dragonite\n|-damage|p2a: Dragonite|50\/100\n|\n|-weather|Sandstorm|[upkeep]\n|-damage|p2b: Sneasler|83\/100|[from] Sandstorm\n|-damage|p1a: Tyranitar|89\/100|[from] Sandstorm\n|-damage|p2a: Dragonite|44\/100|[from] Sandstorm\n|-sideend|p1: freeeds|move: Tailwind\n|upkeep\n|turn|5\n|inactive|freeeds has 30 seconds left.\n|\n|t:|1733154821\n|move|p2a: Dragonite|Extreme Speed|p1b: Milotic\n|-damage|p1b: Milotic|73\/100\n|move|p2b: Sneasler|Dire Claw|p1b: Milotic\n|-damage|p1b: Milotic|39\/100\n|move|p1b: Milotic|Icy Wind|p2a: Dragonite|[spread] p2a,p2b\n|-supereffective|p2a: Dragonite\n|-damage|p2a: Dragonite|0 fnt\n|-damage|p2b: Sneasler|67\/100\n|-unboost|p2b: Sneasler|spe|1\n|faint|p2a: Dragonite\n|move|p1a: Tyranitar|Low Kick|p2b: Sneasler\n|-resisted|p2b: Sneasler\n|-damage|p2b: Sneasler|45\/100\n|\n|-weather|none\n|upkeep\n|\n|t:|1733154838\n|switch|p2a: Basculegion|Basculegion, L50, M, tera:Grass|68\/100\n|turn|6\n|\n|t:|1733154859\n|switch|p2b: Kingambit|Kingambit, L50, M|84\/100\n|switch|p1a: Amoonguss|Amoonguss, L50, F|90\/100\n|move|p1b: Milotic|Protect|p1b: Milotic\n|-singleturn|p1b: Milotic|Protect\n|move|p2a: Basculegion|Flip Turn|p1a: Amoonguss\n|-resisted|p1a: Amoonguss\n|-damage|p1a: Amoonguss|78\/100\n|\n|t:|1733154874\n|switch|p2a: Sneasler|Sneasler, L50, M|45\/100|[from] Flip Turn\n|\n|upkeep\n|turn|7\n|\n|t:|1733154888\n|move|p2a: Sneasler|Protect|p2a: Sneasler\n|-singleturn|p2a: Sneasler|Protect\n|move|p1b: Milotic|Scald|p2b: Kingambit\n|-damage|p2b: Kingambit|54\/100\n|-status|p2b: Kingambit|brn\n|move|p2b: Kingambit|Swords Dance|p2b: Kingambit\n|-boost|p2b: Kingambit|atk|2\n|move|p1a: Amoonguss|Spore|p2a: Sneasler\n|-activate|p2a: Sneasler|move: Protect\n|\n|-damage|p2b: Kingambit|48\/100 brn|[from] brn\n|upkeep\n|turn|8\n|inactive|freeeds has 30 seconds left.\n|inactive|freeeds has 20 seconds left.\n|inactive|freeeds has 15 seconds left.\n|\n|t:|1733154932\n|move|p1a: Amoonguss|Rage Powder|p1a: Amoonguss\n|-singleturn|p1a: Amoonguss|move: Rage Powder\n|move|p2b: Kingambit|Sucker Punch||[still]\n|-fail|p2b: Kingambit\n|move|p2a: Sneasler|Dire Claw|p1a: Amoonguss\n|-damage|p1a: Amoonguss|44\/100\n|-status|p1a: Amoonguss|par\n|-enditem|p1a: Amoonguss|Sitrus Berry|[eat]\n|-heal|p1a: Amoonguss|69\/100 par|[from] item: Sitrus Berry\n|move|p1b: Milotic|Haze|p1b: Milotic\n|-clearallboost\n|\n|-damage|p2b: Kingambit|42\/100 brn|[from] brn\n|upkeep\n|turn|9\n|inactive|freeeds has 30 seconds left.\n|\n|t:|1733154957\n|move|p2a: Sneasler|Protect|p2a: Sneasler\n|-singleturn|p2a: Sneasler|Protect\n|move|p1a: Amoonguss|Rage Powder|p1a: Amoonguss\n|-singleturn|p1a: Amoonguss|move: Rage Powder\n|move|p1b: Milotic|Scald|p2b: Kingambit\n|-damage|p2b: Kingambit|8\/100 brn\n|move|p2b: Kingambit|Kowtow Cleave|p1b: Milotic\n|-damage|p1b: Milotic|19\/100\n|\n|-damage|p2b: Kingambit|2\/100 brn|[from] brn\n|upkeep\n|turn|10\n|inactive|Pokequimico has 30 seconds left.\n|inactive|freeeds has 30 seconds left.\n|inactive|Pokequimico has 20 seconds left.\n|inactive|freeeds has 20 seconds left.\n|inactive|Pokequimico has 15 seconds left.\n|l| lf99po\n|inactive|Pokequimico has 10 seconds left.\n|inactive|Pokequimico has 5 seconds left.\n|\n|t:|1733155012\n|switch|p1a: Tyranitar|Tyranitar, L50, F, tera:Flying|89\/100\n|-weather|Sandstorm|[from] ability: Sand Stream|[of] p1a: Tyranitar\n|move|p2b: Kingambit|Protect|p2b: Kingambit\n|-singleturn|p2b: Kingambit|Protect\n|move|p2a: Sneasler|Dire Claw|p1a: Tyranitar\n|-damage|p1a: Tyranitar|57\/100\n|move|p1b: Milotic|Scald|p2a: Sneasler\n|-damage|p2a: Sneasler|0 fnt\n|faint|p2a: Sneasler\n|\n|-weather|Sandstorm|[upkeep]\n|-damage|p1a: Tyranitar|51\/100|[from] Sandstorm\n|-damage|p2b: Kingambit|0 fnt|[from] brn\n|faint|p2b: Kingambit\n|upkeep\n|inactive|Pokequimico has 30 seconds left.\n|inactive|Pokequimico has 20 seconds left.\n|inactive|Pokequimico has 15 seconds left.\n|inactive|Pokequimico has 10 seconds left.\n|inactive|Pokequimico has 5 seconds left.\n|\n|t:|1733155067\n|switch|p2a: Basculegion|Basculegion, L50, M, tera:Grass|68\/100\n|turn|11\n|inactive|Pokequimico has 30 seconds left.\n|\n|t:|1733155099\n|move|p2a: Basculegion|Last Respects|p1a: Tyranitar\n|-damage|p1a: Tyranitar|0 fnt\n|faint|p1a: Tyranitar\n|move|p1b: Milotic|Icy Wind|p2a: Basculegion\n|-supereffective|p2a: Basculegion\n|-damage|p2a: Basculegion|33\/100\n|-unboost|p2a: Basculegion|spe|1\n|\n|-weather|Sandstorm|[upkeep]\n|-damage|p2a: Basculegion|27\/100|[from] Sandstorm\n|upkeep\n|inactive|Pokequimico has 25 seconds left this turn.\n|\n|t:|1733155106\n|switch|p1a: Amoonguss|Amoonguss, L50, F|100\/100 par\n|turn|12\n|inactive|Pokequimico has 25 seconds left this turn.\n|inactive|Pokequimico has 20 seconds left.\n|\n|t:|1733155114\n|move|p2a: Basculegion|Last Respects|p1b: Milotic\n|-damage|p1b: Milotic|0 fnt\n|faint|p1b: Milotic\n|move|p1a: Amoonguss|Pollen Puff|p2a: Basculegion\n|-supereffective|p2a: Basculegion\n|-damage|p2a: Basculegion|0 fnt\n|faint|p2a: Basculegion\n|\n|win|freeeds\n|inactive|Pokequimico has 20 seconds left this turn.\n|raw|freeeds's rating: 1679 &rarr; <strong>1705<\/strong><br \/>(+26 for winning)\n|raw|Pokequimico's rating: 1779 &rarr; <strong>1753<\/strong><br \/>(-26 for losing)\n|l|\u2606Pokequimico\n|player|p2|\n","uploadtime":1733155285,"views":12,"formatid":"gen9vgc2024regh","rating":1705,"private":0,"password":null}