{"id":"gen9vgc2024regh-2255564121","format":"[Gen 9] VGC 2024 Reg H","players":["actuary97","CarryTheBoats"],"log":"|j|\u2606actuary97\n|j|\u2606CarryTheBoats\n|t:|1733188763\n|gametype|doubles\n|player|p1|actuary97|sabrina-frlg|1839\n|player|p2|CarryTheBoats|crasherwake|1798\n|teamsize|p1|6\n|teamsize|p2|6\n|gen|9\n|tier|[Gen 9] VGC 2024 Reg H\n|rated|\n|rule|Species Clause: Limit one of each Pok\u00e9mon\n|rule|Item Clause: Limit 1 of each item\n|clearpoke\n|poke|p1|Whimsicott, L50, F|\n|poke|p1|Gallade, L50, M|\n|poke|p1|Archaludon, L50, F|\n|poke|p1|Malamar, L50, F|\n|poke|p1|Indeedee, L50, M|\n|poke|p1|Drifblim, L50, M|\n|poke|p2|Archaludon, L50, F|\n|poke|p2|Pelipper, L50, F|\n|poke|p2|Amoonguss, L50, F|\n|poke|p2|Incineroar, L50, M|\n|poke|p2|Basculegion, L50, M|\n|poke|p2|Dragonite, L50, F|\n|teampreview|4\nactuary97 has agreed to open team sheets.\nCarryTheBoats rejected open team sheets.\n|c|\u2606CarryTheBoats|I am sorry Actuary97 but I need MORE GC prep\n|c|\u2606actuary97|that's okay bro\n|c|\u2606actuary97|glhf\n|\n|t:|1733188813\n|start\n|switch|p1a: Mischief Mother|Whimsicott, L50, F, shiny|100\/100\n|switch|p1b: Tapu Deedee|Indeedee, L50, M, shiny|100\/100\n|switch|p2a: Dragonite|Dragonite, L50, F|100\/100\n|switch|p2b: Amoonguss|Amoonguss, L50, F|100\/100\n|-fieldstart|move: Psychic Terrain|[from] ability: Psychic Surge|[of] p1b: Tapu Deedee\n|turn|1\n|\n|t:|1733188825\n|-terastallize|p2b: Amoonguss|Psychic\n|move|p1a: Mischief Mother|Moonblast|p2b: Amoonguss\n|-damage|p2b: Amoonguss|70\/100\n|move|p1b: Tapu Deedee|Expanding Force|p2a: Dragonite|[spread] p2a,p2b\n|-resisted|p2b: Amoonguss\n|-damage|p2a: Dragonite|52\/100\n|-damage|p2b: Amoonguss|30\/100\n|-enditem|p2b: Amoonguss|Sitrus Berry|[eat]\n|-heal|p2b: Amoonguss|55\/100|[from] item: Sitrus Berry\n|move|p2a: Dragonite|Scale Shot|p1b: Tapu Deedee\n|-damage|p1b: Tapu Deedee|69\/100\n|-damage|p1b: Tapu Deedee|37\/100\n|-damage|p1b: Tapu Deedee|9\/100\n|-damage|p1b: Tapu Deedee|0 fnt\n|faint|p1b: Tapu Deedee\n|-hitcount|p1: Tapu Deedee|4\n|-unboost|p2a: Dragonite|def|1\n|-boost|p2a: Dragonite|spe|1\n|move|p2b: Amoonguss|Sludge Bomb|p1a: Mischief Mother\n|-supereffective|p1a: Mischief Mother\n|-enditem|p1a: Mischief Mother|Focus Sash\n|-damage|p1a: Mischief Mother|1\/100\n|-status|p1a: Mischief Mother|psn\n|\n|-damage|p1a: Mischief Mother|0 fnt|[from] psn\n|faint|p1a: Mischief Mother\n|upkeep\n|c|\u2606CarryTheBoats|Glhf\n|\n|t:|1733188832\n|switch|p1a: \u2694\ufe0fKing\u2694\ufe0f|Gallade, L50, M, shiny|100\/100\n|switch|p1b: Bridget|Archaludon, L50, F, shiny|100\/100\n|turn|2\n|\n|t:|1733188843\n|switch|p2b: Archaludon|Archaludon, L50, F, shiny|100\/100\n|-terastallize|p1b: Bridget|Grass\n|move|p1a: \u2694\ufe0fKing\u2694\ufe0f|Protect|p1a: \u2694\ufe0fKing\u2694\ufe0f\n|-singleturn|p1a: \u2694\ufe0fKing\u2694\ufe0f|Protect\n|move|p2a: Dragonite|Scale Shot|p1a: \u2694\ufe0fKing\u2694\ufe0f\n|-activate|p1a: \u2694\ufe0fKing\u2694\ufe0f|move: Protect\n|move|p1b: Bridget|Snarl|p2a: Dragonite|[spread] p2a,p2b\n|-damage|p2a: Dragonite|39\/100\n|-damage|p2b: Archaludon|90\/100\n|-unboost|p2a: Dragonite|spa|1\n|-unboost|p2b: Archaludon|spa|1\n|-ability|p2b: Archaludon|Stamina|boost\n|-boost|p2b: Archaludon|def|1\n|\n|upkeep\n|turn|3\n|\n|t:|1733188856\n|switch|p2b: Amoonguss|Amoonguss, L50, F, tera:Psychic|88\/100\n|move|p2a: Dragonite|Scale Shot|p1a: \u2694\ufe0fKing\u2694\ufe0f\n|-damage|p1a: \u2694\ufe0fKing\u2694\ufe0f|76\/100\n|-damage|p1a: \u2694\ufe0fKing\u2694\ufe0f|54\/100\n|-damage|p1a: \u2694\ufe0fKing\u2694\ufe0f|28\/100\n|-damage|p1a: \u2694\ufe0fKing\u2694\ufe0f|2\/100\n|-hitcount|p1a: \u2694\ufe0fKing\u2694\ufe0f|4\n|-unboost|p2a: Dragonite|def|1\n|-boost|p2a: Dragonite|spe|1\n|move|p1a: \u2694\ufe0fKing\u2694\ufe0f|Psycho Cut|p2a: Dragonite\n|-crit|p2a: Dragonite\n|-damage|p2a: Dragonite|0 fnt\n|faint|p2a: Dragonite\n|move|p1b: Bridget|Body Press|p2b: Amoonguss\n|-resisted|p2b: Amoonguss\n|-damage|p2b: Amoonguss|79\/100\n|\n|upkeep\n|\n|t:|1733188866\n|switch|p2a: Pelipper|Pelipper, L50, F|100\/100\n|-weather|RainDance|[from] ability: Drizzle|[of] p2a: Pelipper\n|turn|4\n|\n|t:|1733188877\n|move|p2b: Amoonguss|Rage Powder|p2b: Amoonguss\n|-singleturn|p2b: Amoonguss|move: Rage Powder\n|move|p1a: \u2694\ufe0fKing\u2694\ufe0f|Psycho Cut|p2b: Amoonguss\n|-resisted|p2b: Amoonguss\n|-crit|p2b: Amoonguss\n|-damage|p2b: Amoonguss|34\/100\n|move|p2a: Pelipper|Tailwind|p2a: Pelipper\n|-sidestart|p2: CarryTheBoats|move: Tailwind\n|move|p1b: Bridget|Electro Shot||[still]\n|-prepare|p1b: Bridget|Electro Shot\n|-boost|p1b: Bridget|spa|1\n|-anim|p1b: Bridget|Electro Shot|p2a: Pelipper\n|-supereffective|p2a: Pelipper\n|-enditem|p2a: Pelipper|Focus Sash\n|-damage|p2a: Pelipper|1\/100\n|\n|-weather|RainDance|[upkeep]\n|upkeep\n|turn|5\n|\n|t:|1733188890\n|move|p2a: Pelipper|Protect|p2a: Pelipper\n|-singleturn|p2a: Pelipper|Protect\n|move|p1a: \u2694\ufe0fKing\u2694\ufe0f|Protect|p1a: \u2694\ufe0fKing\u2694\ufe0f\n|-singleturn|p1a: \u2694\ufe0fKing\u2694\ufe0f|Protect\n|move|p1b: Bridget|Snarl|p2a: Pelipper|[spread] p2b\n|-activate|p2a: Pelipper|move: Protect\n|-supereffective|p2b: Amoonguss\n|-damage|p2b: Amoonguss|2\/100\n|-unboost|p2b: Amoonguss|spa|1\n|move|p2b: Amoonguss|Sludge Bomb|p1b: Bridget\n|-supereffective|p1b: Bridget\n|-damage|p1b: Bridget|75\/100\n|-status|p1b: Bridget|psn\n|-ability|p1b: Bridget|Stamina|boost\n|-boost|p1b: Bridget|def|1\n|\n|-weather|RainDance|[upkeep]\n|-damage|p1b: Bridget|63\/100 psn|[from] psn\n|-fieldend|move: Psychic Terrain\n|upkeep\n|turn|6\n|j| super crist\n|\n|t:|1733188909\n|switch|p2b: Archaludon|Archaludon, L50, F, shiny|90\/100\n|move|p1a: \u2694\ufe0fKing\u2694\ufe0f|Protect|p1a: \u2694\ufe0fKing\u2694\ufe0f\n|-singleturn|p1a: \u2694\ufe0fKing\u2694\ufe0f|Protect\n|move|p2a: Pelipper|Hurricane|p1b: Bridget\n|-supereffective|p1b: Bridget\n|-damage|p1b: Bridget|0 fnt\n|faint|p1b: Bridget\n|\n|-weather|RainDance|[upkeep]\n|upkeep\n|turn|7\n|l| super crist\n|j| ideaE\n|c|\u2606actuary97|gg\n|\n|t:|1733188926\n|move|p2b: Archaludon|Electro Shot||[still]\n|-prepare|p2b: Archaludon|Electro Shot\n|-boost|p2b: Archaludon|spa|1\n|-anim|p2b: Archaludon|Electro Shot|p1a: \u2694\ufe0fKing\u2694\ufe0f\n|-damage|p1a: \u2694\ufe0fKing\u2694\ufe0f|0 fnt\n|faint|p1a: \u2694\ufe0fKing\u2694\ufe0f\n|\n|win|CarryTheBoats\n|raw|actuary97's rating: 1839 &rarr; <strong>1817<\/strong><br \/>(-22 for losing)\n|raw|CarryTheBoats's rating: 1798 &rarr; <strong>1820<\/strong><br \/>(+22 for winning)\n|c|\u2606CarryTheBoats|Thx gg\n|l|\u2606CarryTheBoats\n|player|p2|\n|j| super crist\n|l| super crist\n","uploadtime":1733189194,"views":26,"formatid":"gen9vgc2024regh","rating":1817,"private":0,"password":null}