{"id":"gen9vgc2024regh-2255307798","format":"[Gen 9] VGC 2024 Reg H","players":["actuary97","dinglustan"],"log":"|j|\u2606actuary97\n|j|\u2606dinglustan\n|t:|1733162059\n|gametype|doubles\n|player|p1|actuary97|sabrina-frlg|1755\n|player|p2|dinglustan|170|1837\n|teamsize|p1|6\n|teamsize|p2|6\n|gen|9\n|tier|[Gen 9] VGC 2024 Reg H\n|rated|\n|rule|Species Clause: Limit one of each Pok\u00e9mon\n|rule|Item Clause: Limit 1 of each item\n|clearpoke\n|poke|p1|Whimsicott, L50, F|\n|poke|p1|Gallade, L50, M|\n|poke|p1|Archaludon, L50, F|\n|poke|p1|Malamar, L50, F|\n|poke|p1|Indeedee, L50, M|\n|poke|p1|Drifblim, L50, M|\n|poke|p2|Whimsicott, L50, F|\n|poke|p2|Basculegion, L50, M|\n|poke|p2|Arcanine-Hisui, L50, M|\n|poke|p2|Hydreigon, L50, M|\n|poke|p2|Farigiraf, L50, M|\n|poke|p2|Pawmot, L50, F|\n|teampreview|4\n|inactive|Battle timer is ON: inactive players will automatically lose when time's up. (requested by dinglustan)\nactuary97 has agreed to open team sheets.\n|inactive|actuary97 has 60 seconds left.\n|j| laslfg81\n|\n|t:|1733162106\n|start\n|switch|p1a: Mischief Mother|Whimsicott, L50, F, shiny|100\/100\n|switch|p1b: Tapu Deedee|Indeedee, L50, M, shiny|100\/100\n|switch|p2a: Whimsicott|Whimsicott, L50, F|100\/100\n|switch|p2b: Pawmot|Pawmot, L50, F|100\/100\n|-fieldstart|move: Psychic Terrain|[from] ability: Psychic Surge|[of] p1b: Tapu Deedee\n|turn|1\n|\n|t:|1733162120\n|switch|p1b: Bridget|Archaludon, L50, F, shiny|100\/100\n|move|p1a: Mischief Mother|Beat Up|p1b: Bridget\n|-damage|p1b: Bridget|99\/100\n|-ability|p1b: Bridget|Stamina|boost\n|-boost|p1b: Bridget|def|1\n|-damage|p1b: Bridget|97\/100\n|-ability|p1b: Bridget|Stamina|boost\n|-boost|p1b: Bridget|def|1\n|-damage|p1b: Bridget|96\/100\n|-ability|p1b: Bridget|Stamina|boost\n|-boost|p1b: Bridget|def|1\n|-damage|p1b: Bridget|95\/100\n|-ability|p1b: Bridget|Stamina|boost\n|-boost|p1b: Bridget|def|1\n|-hitcount|p1b: Bridget|4\n|move|p2b: Pawmot|Double Shock|p1b: Bridget\n|-resisted|p1b: Bridget\n|-damage|p1b: Bridget|87\/100\n|-start|p2b: Pawmot|typechange|???\/Fighting|[from] move: Double Shock\n|-ability|p1b: Bridget|Stamina|boost\n|-boost|p1b: Bridget|def|1\n|move|p2a: Whimsicott|Moonblast|p1b: Bridget\n|-damage|p1b: Bridget|68\/100\n|-ability|p1b: Bridget|Stamina|boost\n|-boost|p1b: Bridget|def|1\n|\n|upkeep\n|turn|2\n|\n|t:|1733162136\n|move|p2a: Whimsicott|Tailwind|p2a: Whimsicott\n|-sidestart|p2: dinglustan|move: Tailwind\n|move|p2b: Pawmot|Close Combat|p1b: Bridget\n|-supereffective|p1b: Bridget\n|-crit|p1b: Bridget\n|-damage|p1b: Bridget|0 fnt\n|-unboost|p2b: Pawmot|def|1\n|-unboost|p2b: Pawmot|spd|1\n|faint|p1b: Bridget\n|move|p1a: Mischief Mother|Moonblast|p2b: Pawmot\n|-supereffective|p2b: Pawmot\n|-enditem|p2b: Pawmot|Focus Sash\n|-damage|p2b: Pawmot|1\/100\n|\n|upkeep\n|c|\u2606actuary97|dangit\n|c|\u2606dinglustan|im so sorry\n|\n|t:|1733162153\n|switch|p1b: Tapu Deedee|Indeedee, L50, M, shiny|100\/100\n|turn|3\n|\n|t:|1733162159\n|switch|p2b: Farigiraf|Farigiraf, L50, M|100\/100\n|move|p1a: Mischief Mother|Tailwind|p1a: Mischief Mother\n|-sidestart|p1: actuary97|move: Tailwind\n|move|p1b: Tapu Deedee|Expanding Force|p2b: Farigiraf|[spread] p2a,p2b\n|-resisted|p2b: Farigiraf\n|-damage|p2a: Whimsicott|6\/100\n|-damage|p2b: Farigiraf|63\/100\n|move|p2a: Whimsicott|Moonblast|p1b: Tapu Deedee\n|-damage|p1b: Tapu Deedee|61\/100\n|\n|upkeep\n|turn|4\n|c|\u2606actuary97|it's okay it haooen\n|c|\u2606actuary97|happen\n|\n|t:|1733162171\n|move|p1a: Mischief Mother|Moonblast|p2b: Farigiraf\n|-damage|p2b: Farigiraf|31\/100\n|move|p1b: Tapu Deedee|Expanding Force|p2a: Whimsicott|[spread] p2a,p2b\n|-crit|p2a: Whimsicott\n|-resisted|p2b: Farigiraf\n|-damage|p2a: Whimsicott|0 fnt\n|-damage|p2b: Farigiraf|0 fnt\n|faint|p2a: Whimsicott\n|faint|p2b: Farigiraf\n|\n|upkeep\n|l| laslfg81\n|c|\u2606dinglustan|i might still lose tho lol\n|\n|t:|1733162185\n|switch|p2a: Basculegion|Basculegion, L50, M|100\/100\n|switch|p2b: Pawmot|Pawmot, L50, F|1\/100\n|turn|5\n|\n|t:|1733162192\n|switch|p1b: \u2694\ufe0fKing\u2694\ufe0f|Gallade, L50, M, shiny|100\/100\n|move|p1a: Mischief Mother|Moonblast|p2b: Pawmot\n|-supereffective|p2b: Pawmot\n|-damage|p2b: Pawmot|0 fnt\n|faint|p2b: Pawmot\n|move|p2a: Basculegion|Wave Crash|p1b: \u2694\ufe0fKing\u2694\ufe0f\n|-damage|p1b: \u2694\ufe0fKing\u2694\ufe0f|0 fnt\n|faint|p1b: \u2694\ufe0fKing\u2694\ufe0f\n|-damage|p2a: Basculegion|76\/100|[from] Recoil\n|\n|-sideend|p2: dinglustan|move: Tailwind\n|-fieldend|move: Psychic Terrain\n|upkeep\n|\n|t:|1733162201\n|switch|p1b: Tapu Deedee|Indeedee, L50, M, shiny|61\/100\n|-fieldstart|move: Psychic Terrain|[from] ability: Psychic Surge|[of] p1b: Tapu Deedee\n|turn|6\n|\n|t:|1733162206\n|move|p1a: Mischief Mother|Moonblast|p2a: Basculegion\n|-damage|p2a: Basculegion|44\/100\n|move|p1b: Tapu Deedee|Expanding Force|p2a: Basculegion\n|-damage|p2a: Basculegion|0 fnt\n|faint|p2a: Basculegion\n|\n|win|actuary97\n|raw|actuary97's rating: 1755 &rarr; <strong>1780<\/strong><br \/>(+25 for winning)\n|raw|dinglustan's rating: 1837 &rarr; <strong>1812<\/strong><br \/>(-25 for losing)\n|c|\u2606actuary97|gg\n|c|\u2606dinglustan|gg\n|l|\u2606dinglustan\n|player|p2|\n|l|\u2606actuary97\n|player|p1|\n|j|\u2606actuary97\n|player|p1|actuary97|sabrina-frlg|\n|l|\u2606actuary97\n|player|p1|\n","uploadtime":1733162442,"views":21,"formatid":"gen9vgc2024regh","rating":1780,"private":0,"password":null}