{"id":"gen9vgc2024regh-2255828063","format":"[Gen 9] VGC 2024 Reg H","players":["Djjwjwwjj","tecaes televantas"],"log":"|j|\u2606Djjwjwwjj\n|j|\u2606tecaes televantas\n|t:|1733230251\n|gametype|doubles\n|player|p1|Djjwjwwjj|266|1690\n|player|p2|tecaes televantas|cilan|1650\n|teamsize|p1|6\n|teamsize|p2|6\n|gen|9\n|tier|[Gen 9] VGC 2024 Reg H\n|rated|\n|rule|Species Clause: Limit one of each Pok\u00e9mon\n|rule|Item Clause: Limit 1 of each item\n|clearpoke\n|poke|p1|Palafin, L50, M|\n|poke|p1|Pelipper, L50, F|\n|poke|p1|Rillaboom, L50, F|\n|poke|p1|Gholdengo, L50|\n|poke|p1|Electabuzz, L50, M|\n|poke|p1|Incineroar, L50, F|\n|poke|p2|Armarouge, L50, F|\n|poke|p2|Dragapult, L50, F|\n|poke|p2|Electabuzz, L50, F|\n|poke|p2|Kingambit, L50, M|\n|poke|p2|Ursaluna-Bloodmoon, L50, M|\n|poke|p2|Whimsicott, L50, M|\n|teampreview|4\n|inactive|Battle timer is ON: inactive players will automatically lose when time's up. (requested by Djjwjwwjj)\n|j| overkillgamer\n|inactive|Djjwjwwjj has 60 seconds left.\n|inactive|tecaes televantas has 60 seconds left.\n|inactive|Djjwjwwjj has 30 seconds left.\n|inactive|Djjwjwwjj has 20 seconds left.\n|inactive|Djjwjwwjj has 15 seconds left.\n|inactive|tecaes televantas has 30 seconds left.\n|inactive|Djjwjwwjj has 10 seconds left.\n|\n|t:|1733230332\n|start\n|switch|p1a: Palafin|Palafin, L50, M|100\/100\n|switch|p1b: Rillaboom|Rillaboom, L50, F|100\/100\n|switch|p2a: Dragapult|Dragapult, L50, F|100\/100\n|switch|p2b: Electabuzz|Electabuzz, L50, F|100\/100\n|-fieldstart|move: Grassy Terrain|[from] ability: Grassy Surge|[of] p1b: Rillaboom\n|turn|1\n|\n|t:|1733230354\n|detailschange|p1a: Palafin|Palafin-Hero, L50, M\n|switch|p1a: Gholdengo|Gholdengo, L50|100\/100\n|move|p2a: Dragapult|U-turn|p1b: Rillaboom\n|-supereffective|p1b: Rillaboom\n|-damage|p1b: Rillaboom|27\/100\n|\n|t:|1733230360\n|switch|p2a: Kingambit|Kingambit, L50, M|100\/100|[from] U-turn\n|move|p2b: Electabuzz|Electroweb|p1b: Rillaboom|[spread] p1a\n|-miss|p2b: Electabuzz|p1b: Rillaboom\n|-damage|p1a: Gholdengo|87\/100\n|-unboost|p1a: Gholdengo|spe|1\n|move|p1b: Rillaboom|High Horsepower|p2b: Electabuzz\n|-supereffective|p2b: Electabuzz\n|-damage|p2b: Electabuzz|49\/100\n|\n|-heal|p2b: Electabuzz|55\/100|[from] Grassy Terrain\n|-heal|p1b: Rillaboom|33\/100|[from] Grassy Terrain\n|-heal|p1a: Gholdengo|93\/100|[from] Grassy Terrain\n|upkeep\n|turn|2\n|inactive|Djjwjwwjj has 30 seconds left.\n|\n|t:|1733230386\n|switch|p1a: Electabuzz|Electabuzz, L50, M|100\/100\n|move|p2b: Electabuzz|Electroweb|p1a: Electabuzz|[spread] p1a,p1b\n|-resisted|p1a: Electabuzz\n|-resisted|p1b: Rillaboom\n|-damage|p1a: Electabuzz|95\/100\n|-damage|p1b: Rillaboom|28\/100\n|-unboost|p1a: Electabuzz|spe|1\n|-unboost|p1b: Rillaboom|spe|1\n|move|p2a: Kingambit|Assurance|p1b: Rillaboom\n|-damage|p1b: Rillaboom|0 fnt\n|faint|p1b: Rillaboom\n|\n|-heal|p2b: Electabuzz|61\/100|[from] Grassy Terrain\n|-heal|p1a: Electabuzz|100\/100|[from] Grassy Terrain\n|upkeep\n|inactive|Djjwjwwjj has 30 seconds left.\n|inactive|Djjwjwwjj has 20 seconds left.\n|inactive|Djjwjwwjj has 15 seconds left.\n|\n|t:|1733230427\n|switch|p1b: Gholdengo|Gholdengo, L50|93\/100\n|turn|3\n|\n|t:|1733230435\n|-terastallize|p1a: Electabuzz|Fairy\n|move|p1a: Electabuzz|Follow Me|p1a: Electabuzz\n|-singleturn|p1a: Electabuzz|move: Follow Me\n|move|p2b: Electabuzz|Electroweb|p1a: Electabuzz|[spread] p1a,p1b\n|-crit|p1a: Electabuzz\n|-damage|p1a: Electabuzz|83\/100\n|-damage|p1b: Gholdengo|79\/100\n|-unboost|p1a: Electabuzz|spe|1\n|-unboost|p1b: Gholdengo|spe|1\n|move|p1b: Gholdengo|Nasty Plot|p1b: Gholdengo\n|-boost|p1b: Gholdengo|spa|2\n|move|p2a: Kingambit|Assurance|p1a: Electabuzz\n|-resisted|p1a: Electabuzz\n|-damage|p1a: Electabuzz|50\/100\n|\n|-heal|p2b: Electabuzz|67\/100|[from] Grassy Terrain\n|-heal|p1b: Gholdengo|85\/100|[from] Grassy Terrain\n|-heal|p1a: Electabuzz|56\/100|[from] Grassy Terrain\n|upkeep\n|turn|4\n|inactive|tecaes televantas has 30 seconds left.\n|\n|t:|1733230469\n|move|p1a: Electabuzz|Follow Me|p1a: Electabuzz\n|-singleturn|p1a: Electabuzz|move: Follow Me\n|move|p2b: Electabuzz|Electroweb|p1b: Gholdengo|[spread] p1a,p1b\n|-damage|p1a: Electabuzz|45\/100\n|-damage|p1b: Gholdengo|72\/100\n|-unboost|p1a: Electabuzz|spe|1\n|-unboost|p1b: Gholdengo|spe|1\n|move|p2a: Kingambit|Iron Head|p1a: Electabuzz\n|-supereffective|p1a: Electabuzz\n|-damage|p1a: Electabuzz|0 fnt\n|faint|p1a: Electabuzz\n|move|p1b: Gholdengo|Shadow Ball|p2b: Electabuzz\n|-damage|p2b: Electabuzz|0 fnt\n|faint|p2b: Electabuzz\n|-damage|p1b: Gholdengo|62\/100|[from] item: Life Orb\n|\n|-heal|p1b: Gholdengo|68\/100|[from] Grassy Terrain\n|upkeep\n|\n|t:|1733230489\n|switch|p1a: Palafin|Palafin-Hero, L50, M|100\/100\n|switch|p2b: Dragapult|Dragapult, L50, F|100\/100\n|-activate|p1a: Palafin|ability: Zero to Hero\n|turn|5\n|\n|t:|1733230502\n|move|p2b: Dragapult|Phantom Force||[still]\n|-prepare|p2b: Dragapult|Phantom Force\n|move|p1a: Palafin|Close Combat|p2a: Kingambit\n|-supereffective|p2a: Kingambit\n|-damage|p2a: Kingambit|0 fnt\n|-unboost|p1a: Palafin|def|1\n|-unboost|p1a: Palafin|spd|1\n|faint|p2a: Kingambit\n|move|p1b: Gholdengo|Nasty Plot|p1b: Gholdengo\n|-boost|p1b: Gholdengo|spa|2\n|\n|-heal|p1b: Gholdengo|74\/100|[from] Grassy Terrain\n|-fieldend|move: Grassy Terrain\n|upkeep\n|\n|t:|1733230514\n|switch|p2a: Whimsicott|Whimsicott, L50, M|100\/100\n|turn|6\n|-message|Djjwjwwjj forfeited.\n|\n|win|tecaes televantas\n|raw|Djjwjwwjj's rating: 1690 &rarr; <strong>1668<\/strong><br \/>(-22 for losing)\n|raw|tecaes televantas's rating: 1650 &rarr; <strong>1672<\/strong><br \/>(+22 for winning)\n|l|\u2606Djjwjwwjj\n|player|p1|\n|l| overkillgamer\n","uploadtime":1733230531,"views":36,"formatid":"gen9vgc2024regh","rating":1668,"private":0,"password":null}