{"id":"gen9vgc2024regh-2255894010","format":"[Gen 9] VGC 2024 Reg H","players":["Djjwjwwjj","IsabellaPasquale"],"log":"|j|\u2606Djjwjwwjj\n|j|\u2606IsabellaPasquale\n|t:|1733237828\n|gametype|doubles\n|player|p1|Djjwjwwjj|266|1754\n|player|p2|IsabellaPasquale|gentleman-gen1|1740\n|teamsize|p1|6\n|teamsize|p2|6\n|gen|9\n|tier|[Gen 9] VGC 2024 Reg H\n|rated|\n|rule|Species Clause: Limit one of each Pok\u00e9mon\n|rule|Item Clause: Limit 1 of each item\n|clearpoke\n|poke|p1|Palafin, L50, M|\n|poke|p1|Pelipper, L50, F|\n|poke|p1|Rillaboom, L50, M|\n|poke|p1|Electabuzz, L50, F|\n|poke|p1|Gholdengo, L50|\n|poke|p1|Incineroar, L50, F|\n|poke|p2|Electabuzz, L50, M|\n|poke|p2|Archaludon, L50, F|\n|poke|p2|Ninetales-Alola, L50, F|\n|poke|p2|Rillaboom, L50, M|\n|poke|p2|Armarouge, L50, F|\n|poke|p2|Ursaluna-Bloodmoon, L50, M|\n|teampreview|4\n|inactive|Battle timer is ON: inactive players will automatically lose when time's up. (requested by Djjwjwwjj)\n|j| Mixam91\n|inactive|IsabellaPasquale has 60 seconds left.\n|\n|t:|1733237864\n|start\n|switch|p1a: Electabuzz|Electabuzz, L50, F|100\/100\n|switch|p1b: Gholdengo|Gholdengo, L50|100\/100\n|switch|p2a: Ninetales|Ninetales-Alola, L50, F|100\/100\n|switch|p2b: Ursaluna|Ursaluna-Bloodmoon, L50, M|100\/100\n|-weather|Snow|[from] ability: Snow Warning|[of] p2a: Ninetales\n|turn|1\n|j| stewpeed\n|c| Mixam91|gg already\n|inactive|Djjwjwwjj has 30 seconds left.\n|inactive|Djjwjwwjj has 20 seconds left.\n|c|\u2606IsabellaPasquale|who is gonna win?\n|inactive|IsabellaPasquale has 30 seconds left.\n|\n|t:|1733237913\n|move|p2a: Ninetales|Icy Wind|p1a: Electabuzz|[spread] p1a,p1b\n|-resisted|p1b: Gholdengo\n|-damage|p1a: Electabuzz|89\/100\n|-damage|p1b: Gholdengo|94\/100\n|-unboost|p1a: Electabuzz|spe|1\n|-unboost|p1b: Gholdengo|spe|1\n|move|p2b: Ursaluna|Earth Power|p1b: Gholdengo\n|-supereffective|p1b: Gholdengo\n|-damage|p1b: Gholdengo|0 fnt\n|faint|p1b: Gholdengo\n|-damage|p2b: Ursaluna|91\/100|[from] item: Life Orb\n|move|p1a: Electabuzz|Light Screen|p1a: Electabuzz\n|-sidestart|p1: Djjwjwwjj|move: Light Screen\n|\n|-weather|Snow|[upkeep]\n|upkeep\n|c|\u2606IsabellaPasquale|ooops\n|\n|t:|1733237927\n|switch|p1b: Pelipper|Pelipper, L50, F|100\/100\n|-weather|RainDance|[from] ability: Drizzle|[of] p1b: Pelipper\n|turn|2\n|inactive|IsabellaPasquale has 30 seconds left.\n|\n|t:|1733237954\n|move|p1b: Pelipper|Weather Ball|p2b: Ursaluna\n|-supereffective|p2b: Ursaluna\n|-damage|p2b: Ursaluna|0 fnt\n|faint|p2b: Ursaluna\n|move|p2a: Ninetales|Icy Wind|p1a: Electabuzz|[spread] p1a,p1b\n|-damage|p1a: Electabuzz|81\/100\n|-damage|p1b: Pelipper|81\/100\n|-unboost|p1a: Electabuzz|spe|1\n|-unboost|p1b: Pelipper|spe|1\n|move|p1a: Electabuzz|Electroweb|p2a: Ninetales\n|-damage|p2a: Ninetales|78\/100\n|\n|-weather|RainDance|[upkeep]\n|upkeep\n|\n|t:|1733237966\n|switch|p2b: Archaludon|Archaludon, L50, F|100\/100\n|turn|3\n|\n|t:|1733237976\n|move|p1a: Electabuzz|Follow Me|p1a: Electabuzz\n|-singleturn|p1a: Electabuzz|move: Follow Me\n|move|p2a: Ninetales|Icy Wind|p1a: Electabuzz|[spread] p1a,p1b\n|-crit|p1b: Pelipper\n|-damage|p1a: Electabuzz|73\/100\n|-damage|p1b: Pelipper|37\/100\n|-unboost|p1a: Electabuzz|spe|1\n|-unboost|p1b: Pelipper|spe|1\n|move|p2b: Archaludon|Electro Shot||[still]\n|-prepare|p2b: Archaludon|Electro Shot\n|-boost|p2b: Archaludon|spa|1\n|-anim|p2b: Archaludon|Electro Shot|p1a: Electabuzz\n|-resisted|p1a: Electabuzz\n|-damage|p1a: Electabuzz|55\/100\n|move|p1b: Pelipper|Weather Ball|p2a: Ninetales\n|-damage|p2a: Ninetales|0 fnt\n|faint|p2a: Ninetales\n|\n|-weather|RainDance|[upkeep]\n|upkeep\n|\n|t:|1733237991\n|switch|p2a: Electabuzz|Electabuzz, L50, M|100\/100\n|turn|4\n|\n|t:|1733238009\n|switch|p1b: Rillaboom|Rillaboom, L50, M|100\/100\n|-fieldstart|move: Grassy Terrain|[from] ability: Grassy Surge|[of] p1b: Rillaboom\n|move|p1a: Electabuzz|Protect|p1a: Electabuzz\n|-singleturn|p1a: Electabuzz|Protect\n|move|p2a: Electabuzz|Taunt|p1a: Electabuzz\n|-activate|p1a: Electabuzz|move: Protect\n|move|p2b: Archaludon|Electro Shot||[still]\n|-prepare|p2b: Archaludon|Electro Shot\n|-boost|p2b: Archaludon|spa|1\n|-anim|p2b: Archaludon|Electro Shot|p1b: Rillaboom\n|-resisted|p1b: Rillaboom\n|-damage|p1b: Rillaboom|80\/100\n|\n|-weather|RainDance|[upkeep]\n|-heal|p1b: Rillaboom|86\/100|[from] Grassy Terrain\n|-heal|p1a: Electabuzz|60\/100|[from] Grassy Terrain\n|upkeep\n|turn|5\n|inactive|Djjwjwwjj has 30 seconds left.\n|inactive|IsabellaPasquale has 30 seconds left.\n|\n|t:|1733238042\n|move|p2a: Electabuzz|Protect|p2a: Electabuzz\n|-singleturn|p2a: Electabuzz|Protect\n|move|p2b: Archaludon|Protect|p2b: Archaludon\n|-singleturn|p2b: Archaludon|Protect\n|move|p1a: Electabuzz|Follow Me|p1a: Electabuzz\n|-singleturn|p1a: Electabuzz|move: Follow Me\n|move|p1b: Rillaboom|High Horsepower|p2b: Archaludon\n|-activate|p2b: Archaludon|move: Protect\n|\n|-weather|RainDance|[upkeep]\n|-heal|p1b: Rillaboom|91\/100|[from] Grassy Terrain\n|-heal|p1a: Electabuzz|66\/100|[from] Grassy Terrain\n|-sideend|p1: Djjwjwwjj|move: Light Screen\n|upkeep\n|turn|6\n|inactive|IsabellaPasquale has 30 seconds left.\n|inactive|IsabellaPasquale has 20 seconds left.\n|inactive|IsabellaPasquale has 15 seconds left.\n|inactive|IsabellaPasquale has 10 seconds left.\n|\n|t:|1733238092\n|move|p2a: Electabuzz|Electroweb|p1a: Electabuzz|[spread] p1a,p1b\n|-resisted|p1a: Electabuzz\n|-resisted|p1b: Rillaboom\n|-damage|p1a: Electabuzz|61\/100\n|-damage|p1b: Rillaboom|86\/100\n|-unboost|p1a: Electabuzz|spe|1\n|-unboost|p1b: Rillaboom|spe|1\n|move|p2b: Archaludon|Dragon Pulse|p1a: Electabuzz\n|-damage|p1a: Electabuzz|0 fnt\n|faint|p1a: Electabuzz\n|move|p1b: Rillaboom|High Horsepower|p2b: Archaludon\n|-supereffective|p2b: Archaludon\n|-damage|p2b: Archaludon|38\/100\n|-ability|p2b: Archaludon|Stamina|boost\n|-boost|p2b: Archaludon|def|1\n|\n|-weather|none\n|-heal|p2b: Archaludon|44\/100|[from] Grassy Terrain\n|-heal|p1b: Rillaboom|92\/100|[from] Grassy Terrain\n|upkeep\n|\n|t:|1733238108\n|switch|p1a: Pelipper|Pelipper, L50, F|37\/100\n|-weather|RainDance|[from] ability: Drizzle|[of] p1a: Pelipper\n|turn|7\n|\n|t:|1733238124\n|move|p2b: Archaludon|Protect|p2b: Archaludon\n|-singleturn|p2b: Archaludon|Protect\n|move|p1a: Pelipper|Weather Ball|p2a: Electabuzz\n|-damage|p2a: Electabuzz|51\/100\n|move|p2a: Electabuzz|Electroweb|p1b: Rillaboom|[spread] p1a,p1b\n|-supereffective|p1a: Pelipper\n|-resisted|p1b: Rillaboom\n|-damage|p1a: Pelipper|0 fnt\n|-damage|p1b: Rillaboom|87\/100\n|-unboost|p1b: Rillaboom|spe|1\n|faint|p1a: Pelipper\n|move|p1b: Rillaboom|High Horsepower|p2b: Archaludon\n|-activate|p2b: Archaludon|move: Protect\n|\n|-weather|RainDance|[upkeep]\n|-heal|p2a: Electabuzz|57\/100|[from] Grassy Terrain\n|-heal|p2b: Archaludon|50\/100|[from] Grassy Terrain\n|-heal|p1b: Rillaboom|93\/100|[from] Grassy Terrain\n|upkeep\n|turn|8\n|c|\u2606IsabellaPasquale|gg\n|inactive|IsabellaPasquale has 30 seconds left.\n|\n|t:|1733238158\n|move|p2a: Electabuzz|Follow Me|p2a: Electabuzz\n|-singleturn|p2a: Electabuzz|move: Follow Me\n|move|p2b: Archaludon|Dragon Pulse|p1b: Rillaboom\n|-damage|p1b: Rillaboom|25\/100\n|move|p1b: Rillaboom|High Horsepower|p2a: Electabuzz\n|-supereffective|p2a: Electabuzz\n|-damage|p2a: Electabuzz|0 fnt\n|faint|p2a: Electabuzz\n|\n|-weather|RainDance|[upkeep]\n|-heal|p2b: Archaludon|56\/100|[from] Grassy Terrain\n|-heal|p1b: Rillaboom|30\/100|[from] Grassy Terrain\n|-fieldend|move: Grassy Terrain\n|upkeep\n|turn|9\n|-message|Djjwjwwjj forfeited.\n|\n|win|IsabellaPasquale\n|raw|Djjwjwwjj's rating: 1754 &rarr; <strong>1733<\/strong><br \/>(-21 for losing)\n|raw|IsabellaPasquale's rating: 1740 &rarr; <strong>1761<\/strong><br \/>(+21 for winning)\n|l|\u2606Djjwjwwjj\n|player|p1|\n|l| Mixam91\n|l| stewpeed\n","uploadtime":1733238347,"views":15,"formatid":"gen9vgc2024regh","rating":1733,"private":0,"password":null}