{"id":"gen9vgc2024regh-2255490534","format":"[Gen 9] VGC 2024 Reg H","players":["elvegis1","YesImReallyTrying"],"log":"|j|\u2606elvegis1\n|j|\u2606YesImReallyTrying\n|t:|1733180002\n|gametype|doubles\n|player|p1|elvegis1|lucas|1705\n|player|p2|YesImReallyTrying|266|1723\n|teamsize|p1|6\n|teamsize|p2|6\n|gen|9\n|tier|[Gen 9] VGC 2024 Reg H\n|rated|\n|rule|Species Clause: Limit one of each Pok\u00e9mon\n|rule|Item Clause: Limit 1 of each item\n|clearpoke\n|poke|p1|Incineroar, L50, F|\n|poke|p1|Kingambit, L50, F|\n|poke|p1|Dusclops, L50, M|\n|poke|p1|Gastrodon-East, L50, M|\n|poke|p1|Ursaluna-Bloodmoon, L50, M|\n|poke|p1|Zoroark-Hisui, L50, M|\n|poke|p2|Incineroar, L50, F|\n|poke|p2|Amoonguss, L50, F|\n|poke|p2|Ursaluna-Bloodmoon, L50, M|\n|poke|p2|Sneasler, L50, F|\n|poke|p2|Gholdengo, L50|\n|poke|p2|Dragonite, L50, F|\n|teampreview|4\n|inactive|Battle timer is ON: inactive players will automatically lose when time's up. (requested by elvegis1)\n|\n|t:|1733180024\n|start\n|switch|p1a: Incineroar|Incineroar, L50, F|100\/100\n|switch|p1b: Kingambit|Kingambit, L50, F|100\/100\n|switch|p2a: Ursaluna|Ursaluna-Bloodmoon, L50, M|100\/100\n|switch|p2b: Dragonite|Dragonite, L50, F|100\/100\n|-ability|p1a: Incineroar|Intimidate|boost\n|-unboost|p2a: Ursaluna|atk|1\n|-unboost|p2b: Dragonite|atk|1\n|turn|1\n|\n|t:|1733180047\n|move|p1b: Kingambit|Protect|p1b: Kingambit\n|-singleturn|p1b: Kingambit|Protect\n|move|p2b: Dragonite|Haze|p2b: Dragonite\n|-clearallboost\n|move|p1a: Incineroar|Knock Off|p2a: Ursaluna\n|-damage|p2a: Ursaluna|74\/100\n|-enditem|p2a: Ursaluna|Assault Vest|[from] move: Knock Off|[of] p1a: Incineroar\n|move|p2a: Ursaluna|Hyper Voice|p1a: Incineroar|[spread] p1a\n|-activate|p1b: Kingambit|move: Protect\n|-damage|p1a: Incineroar|69\/100\n|\n|upkeep\n|turn|2\n|inactive|elvegis1 has 30 seconds left.\n|inactive|YesImReallyTrying has 30 seconds left.\n|\n|t:|1733180078\n|switch|p1b: Gastrodon|Gastrodon-East, L50, M|100\/100\n|move|p2b: Dragonite|Scale Shot|p1b: Gastrodon\n|-damage|p1b: Gastrodon|86\/100\n|-damage|p1b: Gastrodon|71\/100\n|-damage|p1b: Gastrodon|58\/100\n|-crit|p1b: Gastrodon\n|-damage|p1b: Gastrodon|36\/100\n|-hitcount|p1b: Gastrodon|4\n|-unboost|p2b: Dragonite|def|1\n|-boost|p2b: Dragonite|spe|1\n|move|p1a: Incineroar|Parting Shot|p2a: Ursaluna\n|-unboost|p2a: Ursaluna|atk|1\n|-unboost|p2a: Ursaluna|spa|1\n|\n|t:|1733180095\n|switch|p1a: Ursaluna|Ursaluna-Bloodmoon, L50, M|100\/100|[from] Parting Shot\n|move|p2a: Ursaluna|Blood Moon|p1b: Gastrodon\n|-damage|p1b: Gastrodon|0 fnt\n|faint|p1b: Gastrodon\n|\n|upkeep\n|\n|t:|1733180109\n|switch|p1b: Incineroar|Incineroar, L50, F|69\/100\n|-ability|p1b: Incineroar|Intimidate|boost\n|-unboost|p2a: Ursaluna|atk|1\n|-unboost|p2b: Dragonite|atk|1\n|turn|3\n|\n|t:|1733180115\n|switch|p2a: Incineroar|Incineroar, L50, F|100\/100\n|-ability|p2a: Incineroar|Intimidate|boost\n|-unboost|p1a: Ursaluna|atk|1\n|-unboost|p1b: Incineroar|atk|1\n|move|p2b: Dragonite|Protect|p2b: Dragonite\n|-singleturn|p2b: Dragonite|Protect\n|move|p1b: Incineroar|Fake Out|p2b: Dragonite\n|-activate|p2b: Dragonite|move: Protect\n|move|p1a: Ursaluna|Blood Moon|p2a: Incineroar\n|-damage|p2a: Incineroar|35\/100\n|\n|upkeep\n|turn|4\n|inactive|elvegis1 has 30 seconds left.\n|\n|t:|1733180142\n|switch|p2b: Ursaluna|Ursaluna-Bloodmoon, L50, M|74\/100\n|-terastallize|p1a: Ursaluna|Ghost\n|move|p2a: Incineroar|Fake Out|p1a: Ursaluna\n|-immune|p1a: Ursaluna\n|move|p1b: Incineroar|Parting Shot|p2b: Ursaluna\n|-unboost|p2b: Ursaluna|atk|1\n|-unboost|p2b: Ursaluna|spa|1\n|\n|t:|1733180151\n|switch|p1b: Kingambit|Kingambit, L50, F|100\/100|[from] Parting Shot\n|move|p1a: Ursaluna|Hyper Voice|p2a: Incineroar|[spread] p2a,p2b\n|-damage|p2a: Incineroar|0 fnt\n|-damage|p2b: Ursaluna|39\/100\n|faint|p2a: Incineroar\n|\n|upkeep\n|\n|t:|1733180161\n|switch|p2a: Sneasler|Sneasler, L50, F|100\/100\n|turn|5\n|\n|t:|1733180172\n|switch|p2b: Dragonite|Dragonite, L50, F|100\/100\n|switch|p1b: Incineroar|Incineroar, L50, F|69\/100\n|-ability|p1b: Incineroar|Intimidate|boost\n|-unboost|p2a: Sneasler|atk|1\n|-unboost|p2b: Dragonite|atk|1\n|move|p2a: Sneasler|Protect|p2a: Sneasler\n|-singleturn|p2a: Sneasler|Protect\n|move|p1a: Ursaluna|Hyper Voice|p2b: Dragonite|[spread] p2b\n|-activate|p2a: Sneasler|move: Protect\n|-damage|p2b: Dragonite|81\/100\n|\n|upkeep\n|turn|6\n|inactive|YesImReallyTrying has 30 seconds left.\n|\n|t:|1733180198\n|move|p1b: Incineroar|Fake Out|p2b: Dragonite\n|-damage|p2b: Dragonite|68\/100\n|move|p2a: Sneasler|Close Combat|p1b: Incineroar\n|-supereffective|p1b: Incineroar\n|-damage|p1b: Incineroar|0 fnt\n|-unboost|p2a: Sneasler|def|1\n|-unboost|p2a: Sneasler|spd|1\n|faint|p1b: Incineroar\n|cant|p2b: Dragonite|flinch\n|move|p1a: Ursaluna|Earth Power|p2a: Sneasler\n|-supereffective|p2a: Sneasler\n|-enditem|p2a: Sneasler|Focus Sash\n|-damage|p2a: Sneasler|1\/100\n|\n|upkeep\n|\n|t:|1733180210\n|switch|p1b: Kingambit|Kingambit, L50, F|100\/100\n|turn|7\n|\n|t:|1733180224\n|switch|p2b: Ursaluna|Ursaluna-Bloodmoon, L50, M|39\/100\n|move|p2a: Sneasler|Protect|p2a: Sneasler\n|-singleturn|p2a: Sneasler|Protect\n|move|p1b: Kingambit|Protect|p1b: Kingambit\n|-singleturn|p1b: Kingambit|Protect\n|move|p1a: Ursaluna|Hyper Voice|p2a: Sneasler|[spread] p2b\n|-activate|p2a: Sneasler|move: Protect\n|-damage|p2b: Ursaluna|1\/100\n|\n|upkeep\n|turn|8\n|\n|t:|1733180240\n|move|p2b: Ursaluna|Vacuum Wave|p1b: Kingambit\n|-supereffective|p1b: Kingambit\n|-damage|p1b: Kingambit|44\/100\n|move|p1a: Ursaluna|Vacuum Wave|p2b: Ursaluna\n|-supereffective|p2b: Ursaluna\n|-damage|p2b: Ursaluna|0 fnt\n|faint|p2b: Ursaluna\n|move|p1b: Kingambit|Sucker Punch|p2a: Sneasler\n|-resisted|p2a: Sneasler\n|-damage|p2a: Sneasler|0 fnt\n|faint|p2a: Sneasler\n|\n|upkeep\n|-message|YesImReallyTrying forfeited.\n|\n|win|elvegis1\n|raw|elvegis1's rating: 1705 &rarr; <strong>1726<\/strong><br \/>(+21 for winning)\n|raw|YesImReallyTrying's rating: 1723 &rarr; <strong>1702<\/strong><br \/>(-21 for losing)\n|l|\u2606YesImReallyTrying\n|player|p2|\n|l|\u2606elvegis1\n|player|p1|\n","uploadtime":1733180518,"views":8,"formatid":"gen9vgc2024regh","rating":1702,"private":0,"password":null}