{"id":"gen9vgc2024regh-2255560082","format":"[Gen 9] VGC 2024 Reg H","players":["CarryTheBoats","jayjazZa"],"log":"|j|\u2606CarryTheBoats\n|j|\u2606jayjazZa\n|t:|1733188274\n|gametype|doubles\n|player|p1|CarryTheBoats|crasherwake|1821\n|player|p2|jayjazZa|266|1775\n|teamsize|p1|6\n|teamsize|p2|6\n|gen|9\n|tier|[Gen 9] VGC 2024 Reg H\n|rated|\n|rule|Species Clause: Limit one of each Pok\u00e9mon\n|rule|Item Clause: Limit 1 of each item\n|clearpoke\n|poke|p1|Archaludon, L50, M|\n|poke|p1|Pelipper, L50, F|\n|poke|p1|Amoonguss, L50, F|\n|poke|p1|Incineroar, L50, F|\n|poke|p1|Basculegion, L50, M|\n|poke|p1|Dragonite, L50, M|\n|poke|p2|Dondozo, L50, M|\n|poke|p2|Tatsugiri, L50, F|\n|poke|p2|Sneasler, L50, F|\n|poke|p2|Indeedee, L50, M|\n|poke|p2|Archaludon, L50, F|\n|poke|p2|Pelipper, L50, F|\n|teampreview|4\n|inactive|Battle timer is ON: inactive players will automatically lose when time's up. (requested by jayjazZa)\n|\n|t:|1733188287\n|start\n|switch|p1a: Amoonguss|Amoonguss, L50, F|100\/100\n|switch|p1b: Incineroar|Incineroar, L50, F, shiny|100\/100\n|switch|p2a: Indeedee|Indeedee, L50, M|100\/100\n|switch|p2b: Sneasler|Sneasler, L50, F|100\/100\n|-fieldstart|move: Psychic Terrain|[from] ability: Psychic Surge|[of] p2a: Indeedee\n|-enditem|p2b: Sneasler|Psychic Seed\n|-boost|p2b: Sneasler|spd|1|[from] item: Psychic Seed\n|-ability|p1b: Incineroar|Intimidate|boost\n|-unboost|p2a: Indeedee|atk|1\n|-unboost|p2b: Sneasler|atk|1\n|turn|1\n|\n|t:|1733188297\n|-terastallize|p1a: Amoonguss|Psychic\n|move|p2b: Sneasler|Dire Claw|p1a: Amoonguss\n|-damage|p1a: Amoonguss|77\/100\n|-status|p1a: Amoonguss|slp\n|move|p2a: Indeedee|Expanding Force|p1a: Amoonguss|[spread] p1a\n|-immune|p1b: Incineroar\n|-resisted|p1a: Amoonguss\n|-damage|p1a: Amoonguss|54\/100 slp\n|move|p1b: Incineroar|Parting Shot|p2b: Sneasler\n|-unboost|p2b: Sneasler|atk|1\n|-unboost|p2b: Sneasler|spa|1\n|\n|t:|1733188307\n|switch|p1b: Dragonite|Dragonite, L50, M|100\/100|[from] Parting Shot\n|cant|p1a: Amoonguss|slp\n|\n|upkeep\n|turn|2\n|\n|t:|1733188317\n|-terastallize|p2a: Indeedee|Psychic\n|move|p1b: Dragonite|Protect|p1b: Dragonite\n|-singleturn|p1b: Dragonite|Protect\n|move|p2b: Sneasler|Dire Claw|p1b: Dragonite\n|-activate|p1b: Dragonite|move: Protect\n|move|p2a: Indeedee|Expanding Force|p1a: Amoonguss|[spread] p1a\n|-activate|p1b: Dragonite|move: Protect\n|-resisted|p1a: Amoonguss\n|-damage|p1a: Amoonguss|23\/100 slp\n|-enditem|p1a: Amoonguss|Sitrus Berry|[eat]\n|-heal|p1a: Amoonguss|47\/100 slp|[from] item: Sitrus Berry\n|cant|p1a: Amoonguss|slp\n|\n|upkeep\n|turn|3\n|inactive|CarryTheBoats has 30 seconds left.\n|\n|t:|1733188348\n|switch|p1a: Incineroar|Incineroar, L50, F, shiny|100\/100\n|-ability|p1a: Incineroar|Intimidate|boost\n|-unboost|p2a: Indeedee|atk|1\n|-unboost|p2b: Sneasler|atk|1\n|move|p2b: Sneasler|Throat Chop|p1a: Incineroar\n|-resisted|p1a: Incineroar\n|-damage|p1a: Incineroar|94\/100\n|-start|p1a: Incineroar|Throat Chop|[silent]\n|move|p2a: Indeedee|Expanding Force|p1a: Incineroar|[spread] p1b\n|-immune|p1a: Incineroar\n|-damage|p1b: Dragonite|65\/100\n|move|p1b: Dragonite|Scale Shot|p2b: Sneasler\n|-damage|p2b: Sneasler|75\/100\n|-damage|p2b: Sneasler|49\/100\n|-damage|p2b: Sneasler|23\/100\n|-damage|p2b: Sneasler|0 fnt\n|faint|p2b: Sneasler\n|-hitcount|p2: Sneasler|4\n|-unboost|p1b: Dragonite|def|1\n|-boost|p1b: Dragonite|spe|1\n|\n|upkeep\n|\n|t:|1733188350\n|switch|p2b: Archaludon|Archaludon, L50, F|100\/100\n|turn|4\n|c|\u2606jayjazZa|Just wa\n|inactive|CarryTheBoats has 30 seconds left.\n|\n|t:|1733188377\n|switch|p2a: Pelipper|Pelipper, L50, F|100\/100\n|-weather|RainDance|[from] ability: Drizzle|[of] p2a: Pelipper\n|move|p1b: Dragonite|Protect|p1b: Dragonite\n|-singleturn|p1b: Dragonite|Protect\n|move|p2b: Archaludon|Electro Shot||[still]\n|-prepare|p2b: Archaludon|Electro Shot\n|-boost|p2b: Archaludon|spa|1\n|-anim|p2b: Archaludon|Electro Shot|p1b: Dragonite\n|-activate|p1b: Dragonite|move: Protect\n|move|p1a: Incineroar|Knock Off|p2b: Archaludon\n|-damage|p2b: Archaludon|60\/100\n|-ability|p2b: Archaludon|Stamina|boost\n|-boost|p2b: Archaludon|def|1\n|-enditem|p2b: Archaludon|Assault Vest|[from] move: Knock Off|[of] p1a: Incineroar\n|\n|-weather|RainDance|[upkeep]\n|-end|p1a: Incineroar|Throat Chop|[silent]\n|upkeep\n|turn|5\n|\n|t:|1733188405\n|move|p1b: Dragonite|Scale Shot|p2a: Pelipper\n|-damage|p2a: Pelipper|86\/100\n|-damage|p2a: Pelipper|72\/100\n|-damage|p2a: Pelipper|59\/100\n|-damage|p2a: Pelipper|45\/100\n|-hitcount|p2a: Pelipper|4\n|-unboost|p1b: Dragonite|def|1\n|-boost|p1b: Dragonite|spe|1\n|move|p2b: Archaludon|Electro Shot||[still]\n|-prepare|p2b: Archaludon|Electro Shot\n|-boost|p2b: Archaludon|spa|1\n|-anim|p2b: Archaludon|Electro Shot|p1b: Dragonite\n|-damage|p1b: Dragonite|0 fnt\n|faint|p1b: Dragonite\n|move|p2a: Pelipper|Tailwind|p2a: Pelipper\n|-sidestart|p2: jayjazZa|move: Tailwind\n|move|p1a: Incineroar|Parting Shot|p2b: Archaludon\n|-unboost|p2b: Archaludon|atk|1\n|-unboost|p2b: Archaludon|spa|1\n|\n|t:|1733188416\n|switch|p1a: Archaludon|Archaludon, L50, M, shiny|100\/100|[from] Parting Shot\n|\n|-weather|RainDance|[upkeep]\n|-fieldend|move: Psychic Terrain\n|upkeep\n|\n|t:|1733188419\n|switch|p1b: Amoonguss|Amoonguss, L50, F, tera:Psychic|80\/100 slp\n|turn|6\n|\n|t:|1733188429\n|move|p2a: Pelipper|Protect|p2a: Pelipper\n|-singleturn|p2a: Pelipper|Protect\n|move|p2b: Archaludon|Electro Shot||[still]\n|-prepare|p2b: Archaludon|Electro Shot\n|-boost|p2b: Archaludon|spa|1\n|-anim|p2b: Archaludon|Electro Shot|p1b: Amoonguss\n|-damage|p1b: Amoonguss|0 fnt\n|faint|p1b: Amoonguss\n|move|p1a: Archaludon|Electro Shot||[still]\n|-prepare|p1a: Archaludon|Electro Shot\n|-boost|p1a: Archaludon|spa|1\n|-anim|p1a: Archaludon|Electro Shot|p2a: Pelipper\n|-activate|p2a: Pelipper|move: Protect\n|\n|-weather|RainDance|[upkeep]\n|upkeep\n|\n|t:|1733188433\n|switch|p1b: Incineroar|Incineroar, L50, F, shiny|94\/100\n|-ability|p1b: Incineroar|Intimidate|boost\n|-unboost|p2a: Pelipper|atk|1\n|-unboost|p2b: Archaludon|atk|1\n|turn|7\n|c|\u2606jayjazZa|wanna say sad time for dk\n|c|\u2606jayjazZa|If I\u2019m being honest, I would\u2019ve left it at home\n|\n|t:|1733188457\n|switch|p2a: Indeedee|Indeedee, L50, M, tera:Psychic|100\/100\n|-fieldstart|move: Psychic Terrain|[from] ability: Psychic Surge|[of] p2a: Indeedee\n|move|p1b: Incineroar|Fake Out|p2b: Archaludon\n|-activate|p2b: Archaludon|move: Psychic Terrain\n|move|p2b: Archaludon|Draco Meteor|p1a: Archaludon\n|-damage|p1a: Archaludon|0 fnt\n|-unboost|p2b: Archaludon|spa|2\n|faint|p1a: Archaludon\n|\n|-weather|RainDance|[upkeep]\n|upkeep\n|turn|8\n|-message|CarryTheBoats forfeited.\n|\n|win|jayjazZa\n|raw|CarryTheBoats's rating: 1821 &rarr; <strong>1798<\/strong><br \/>(-23 for losing)\n|raw|jayjazZa's rating: 1775 &rarr; <strong>1798<\/strong><br \/>(+23 for winning)\n|c|\u2606jayjazZa|Yep\n|c|\u2606jayjazZa|you relied way too much on haze\n|l|\u2606jayjazZa\n|player|p2|\n|l|\u2606CarryTheBoats\n|player|p1|\n","uploadtime":1733188640,"views":50,"formatid":"gen9vgc2024regh","rating":1798,"private":0,"password":null}