{"id":"gen9vgc2024regh-2255140729","format":"[Gen 9] VGC 2024 Reg H","players":["Zordor","Trnsl \u9f8d"],"log":"|j|\u2606Zordor\n|j|\u2606Trnsl \u9f8d\n|t:|1733144528\n|gametype|doubles\n|player|p1|Zordor|pilot|1699\n|player|p2|Trnsl \u9f8d|1|1681\n|teamsize|p1|6\n|teamsize|p2|6\n|gen|9\n|tier|[Gen 9] VGC 2024 Reg H\n|rated|\n|rule|Species Clause: Limit one of each Pok\u00e9mon\n|rule|Item Clause: Limit 1 of each item\n|clearpoke\n|poke|p1|Rotom-Wash, L50|\n|poke|p1|Sneasler, L50, M|\n|poke|p1|Armarouge, L50, F|\n|poke|p1|Venusaur, L50, M|\n|poke|p1|Scizor, L50, F|\n|poke|p1|Dragapult, L50, M|\n|poke|p2|Kingambit, L50, M|\n|poke|p2|Primarina, L50, M|\n|poke|p2|Sneasler, L50, M|\n|poke|p2|Magmar, L50, M|\n|poke|p2|Rillaboom, L50, F|\n|poke|p2|Dragapult, L50, M|\n|teampreview|4\n|inactive|Battle timer is ON: inactive players will automatically lose when time's up. (requested by Trnsl \u9f8d)\n|\n|t:|1733144561\n|start\n|switch|p1a: Sneasler|Sneasler, L50, M|100\/100\n|switch|p1b: Armarouge|Armarouge, L50, F|100\/100\n|switch|p2a: Sneasler|Sneasler, L50, M|100\/100\n|switch|p2b: Dragapult|Dragapult, L50, M|100\/100\n|turn|1\n|\n|t:|1733144575\n|-terastallize|p2b: Dragapult|Dragon\n|move|p1a: Sneasler|Protect|p1a: Sneasler\n|-singleturn|p1a: Sneasler|Protect\n|move|p1b: Armarouge|Protect|p1b: Armarouge\n|-singleturn|p1b: Armarouge|Protect\n|move|p2a: Sneasler|Fake Out|p1b: Armarouge\n|-activate|p1b: Armarouge|move: Protect\n|move|p2b: Dragapult|Dragon Darts|p1a: Sneasler\n|-activate|p1b: Armarouge|move: Protect\n|\n|upkeep\n|turn|2\n|\n|t:|1733144593\n|move|p2b: Dragapult|Dragon Darts|p1b: Armarouge\n|-damage|p1b: Armarouge|50\/100\n|-anim|p2b: Dragapult|Dragon Darts|p1a: Sneasler\n|-damage|p1a: Sneasler|22\/100\n|move|p2a: Sneasler|Dire Claw|p1b: Armarouge\n|-damage|p1b: Armarouge|10\/100\n|-status|p1b: Armarouge|par\n|move|p1a: Sneasler|Dire Claw|p2b: Dragapult\n|-damage|p2b: Dragapult|45\/100\n|-status|p2b: Dragapult|slp\n|move|p1b: Armarouge|Psychic|p2a: Sneasler\n|-supereffective|p2a: Sneasler\n|-enditem|p2a: Sneasler|Focus Sash\n|-damage|p2a: Sneasler|1\/100\n|\n|upkeep\n|turn|3\n|\n|t:|1733144614\n|cant|p2b: Dragapult|slp\n|move|p1a: Sneasler|Dire Claw|p2a: Sneasler\n|-resisted|p2a: Sneasler\n|-damage|p2a: Sneasler|0 fnt\n|faint|p2a: Sneasler\n|cant|p1b: Armarouge|par\n|\n|upkeep\n|\n|t:|1733144623\n|switch|p2a: Primarina|Primarina, L50, M|100\/100\n|turn|4\n|\n|t:|1733144630\n|move|p2a: Primarina|Protect|p2a: Primarina\n|-singleturn|p2a: Primarina|Protect\n|-curestatus|p2b: Dragapult|slp|[msg]\n|move|p2b: Dragapult|Dragon Darts|p1a: Sneasler\n|-damage|p1a: Sneasler|0 fnt\n|-anim|p2b: Dragapult|Dragon Darts|p1b: Armarouge\n|-damage|p1b: Armarouge|0 fnt\n|faint|p1a: Sneasler\n|faint|p1b: Armarouge\n|\n|upkeep\n|\n|t:|1733144632\n|switch|p1a: Scizor|Scizor, L50, F|100\/100\n|switch|p1b: Dragapult|Dragapult, L50, M|100\/100\n|turn|5\n|inactive|Zordor has 30 seconds left.\n|inactive|Zordor has 20 seconds left.\n|inactive|Zordor has 15 seconds left.\n|inactive|Zordor has 10 seconds left.\n|inactive|Zordor has 5 seconds left.\n|\n|t:|1733144685\n|-terastallize|p1b: Dragapult|Fighting\n|move|p1a: Scizor|Bullet Punch|p2b: Dragapult\n|-damage|p2b: Dragapult|2\/100\n|move|p1b: Dragapult|Phantom Force||[still]\n|-prepare|p1b: Dragapult|Phantom Force\n|move|p2b: Dragapult|Dragon Darts|p1a: Scizor\n|-resisted|p1a: Scizor\n|-damage|p1a: Scizor|74\/100\n|-anim|p2b: Dragapult|Dragon Darts|p1a: Scizor\n|-resisted|p1a: Scizor\n|-damage|p1a: Scizor|48\/100\n|-enditem|p1a: Scizor|Sitrus Berry|[eat]\n|-heal|p1a: Scizor|73\/100|[from] item: Sitrus Berry\n|move|p2a: Primarina|Moonblast|p1b: Dragapult|[miss]\n|-miss|p2a: Primarina|p1b: Dragapult\n|\n|upkeep\n|turn|6\n|\n|t:|1733144701\n|move|p1a: Scizor|Bullet Punch|p2a: Primarina\n|-damage|p2a: Primarina|74\/100\n|move|p1b: Dragapult|Phantom Force|p2a: Primarina|[from]lockedmove\n|-damage|p2a: Primarina|33\/100\n|-enditem|p2a: Primarina|Sitrus Berry|[eat]\n|-heal|p2a: Primarina|58\/100|[from] item: Sitrus Berry\n|move|p2b: Dragapult|Dragon Darts|p1b: Dragapult\n|-damage|p1b: Dragapult|44\/100\n|-anim|p2b: Dragapult|Dragon Darts|p1a: Scizor\n|-resisted|p1a: Scizor\n|-damage|p1a: Scizor|44\/100\n|move|p2a: Primarina|Moonblast|p1b: Dragapult\n|-supereffective|p1b: Dragapult\n|-damage|p1b: Dragapult|0 fnt\n|faint|p1b: Dragapult\n|\n|upkeep\n|turn|7\n|-message|Zordor forfeited.\n|\n|win|Trnsl \u9f8d\n|raw|Zordor's rating: 1699 &rarr; <strong>1678<\/strong><br \/>(-21 for losing)\n|raw|Trnsl \u9f8d's rating: 1681 &rarr; <strong>1702<\/strong><br \/>(+21 for winning)\n|l|\u2606Zordor\n|player|p1|\n|l|\u2606Trnsl \u9f8d\n|player|p2|\n","uploadtime":1733144984,"views":24,"formatid":"gen9vgc2024regh","rating":1678,"private":0,"password":null}