{"id":"gen9vgc2024regh-2255329641","format":"[Gen 9] VGC 2024 Reg H","players":["Slackermaru","dinglustan"],"log":"|j|\u2606Slackermaru\n|j|\u2606dinglustan\n|t:|1733164101\n|gametype|doubles\n|player|p1|Slackermaru|workerice|1747\n|player|p2|dinglustan|170|1794\n|teamsize|p1|6\n|teamsize|p2|6\n|gen|9\n|tier|[Gen 9] VGC 2024 Reg H\n|rated|\n|rule|Species Clause: Limit one of each Pok\u00e9mon\n|rule|Item Clause: Limit 1 of each item\n|clearpoke\n|poke|p1|Ursaluna, L50, F|\n|poke|p1|Porygon2, L50|\n|poke|p1|Incineroar, L50, M|\n|poke|p1|Vivillon-Fancy, L50, M|\n|poke|p1|Archaludon, L50, F|\n|poke|p1|Sneasler, L50, M|\n|poke|p2|Whimsicott, L50, M|\n|poke|p2|Basculegion, L50, M|\n|poke|p2|Arcanine-Hisui, L50, F|\n|poke|p2|Hydreigon, L50, M|\n|poke|p2|Farigiraf, L50, M|\n|poke|p2|Pawmot, L50, F|\n|teampreview|4\n|inactive|Battle timer is ON: inactive players will automatically lose when time's up. (requested by dinglustan)\n|inactive|Slackermaru has 60 seconds left.\n|\n|t:|1733164147\n|start\n|switch|p1a: Vivillon|Vivillon-Fancy, L50, M|100\/100\n|switch|p1b: Archaludon|Archaludon, L50, F|100\/100\n|switch|p2a: Pawmot|Pawmot, L50, F|100\/100\n|switch|p2b: Farigiraf|Farigiraf, L50, M|100\/100\n|turn|1\n|\n|t:|1733164161\n|move|p1a: Vivillon|Protect|p1a: Vivillon\n|-singleturn|p1a: Vivillon|Protect\n|move|p1b: Archaludon|Protect|p1b: Archaludon\n|-singleturn|p1b: Archaludon|Protect\n|move|p2a: Pawmot|Close Combat|p1b: Archaludon\n|-activate|p1b: Archaludon|move: Protect\n|move|p2b: Farigiraf|Hyper Voice|p1a: Vivillon|[spread] \n|-activate|p1a: Vivillon|move: Protect\n|-activate|p1b: Archaludon|move: Protect\n|\n|upkeep\n|turn|2\n|j| Emerald_Strike\n|j| Peroquecuones\n|inactive|Slackermaru has 30 seconds left.\n|inactive|Slackermaru has 20 seconds left.\n|\n|t:|1733164196\n|-terastallize|p1b: Archaludon|Electric\n|-terastallize|p2b: Farigiraf|Grass\n|move|p2a: Pawmot|Close Combat|p1b: Archaludon\n|-damage|p1b: Archaludon|42\/100\n|-unboost|p2a: Pawmot|def|1\n|-unboost|p2a: Pawmot|spd|1\n|move|p1a: Vivillon|Hurricane|p2b: Farigiraf\n|-supereffective|p2b: Farigiraf\n|-damage|p2b: Farigiraf|17\/100\n|move|p1b: Archaludon|Electro Shot||[still]\n|-prepare|p1b: Archaludon|Electro Shot\n|-boost|p1b: Archaludon|spa|1\n|-enditem|p1b: Archaludon|Power Herb\n|-anim|p1b: Archaludon|Electro Shot|p2b: Farigiraf\n|-resisted|p2b: Farigiraf\n|-damage|p2b: Farigiraf|0 fnt\n|faint|p2b: Farigiraf\n|\n|upkeep\n|j| Kolspo\n|\n|t:|1733164215\n|switch|p2b: Arcanine|Arcanine-Hisui, L50, F|100\/100\n|-ability|p2b: Arcanine|Intimidate|boost\n|-unboost|p1a: Vivillon|atk|1\n|-unboost|p1b: Archaludon|atk|1\n|turn|3\n|\n|t:|1733164236\n|switch|p1b: Incineroar|Incineroar, L50, M|100\/100\n|-ability|p1b: Incineroar|Intimidate|boost\n|-unboost|p2a: Pawmot|atk|1\n|-unboost|p2b: Arcanine|atk|1\n|move|p1a: Vivillon|Protect|p1a: Vivillon\n|-singleturn|p1a: Vivillon|Protect\n|move|p2b: Arcanine|Extreme Speed|p1a: Vivillon\n|-activate|p1a: Vivillon|move: Protect\n|move|p2a: Pawmot|Double Shock|p1a: Vivillon\n|-activate|p1a: Vivillon|move: Protect\n|\n|upkeep\n|turn|4\n|inactive|Slackermaru has 30 seconds left.\n|\n|t:|1733164265\n|move|p1b: Incineroar|Fake Out|p2a: Pawmot\n|-damage|p2a: Pawmot|74\/100\n|cant|p2a: Pawmot|flinch\n|move|p1a: Vivillon|Tailwind|p1a: Vivillon\n|-sidestart|p1: Slackermaru|move: Tailwind\n|move|p2b: Arcanine|Rock Slide|p1a: Vivillon|[spread] p1a,p1b\n|-supereffective|p1a: Vivillon\n|-supereffective|p1b: Incineroar\n|-enditem|p1a: Vivillon|Focus Sash\n|-damage|p1a: Vivillon|1\/100\n|-damage|p1b: Incineroar|64\/100\n|\n|upkeep\n|turn|5\n|l| Emerald_Strike\n|\n|t:|1733164287\n|switch|p2a: Basculegion|Basculegion, L50, M|100\/100\n|move|p1a: Vivillon|Sleep Powder|p2b: Arcanine\n|-status|p2b: Arcanine|slp|[from] move: Sleep Powder\n|move|p1b: Incineroar|Flare Blitz|p2a: Basculegion\n|-resisted|p2a: Basculegion\n|-damage|p2a: Basculegion|77\/100\n|-damage|p1b: Incineroar|56\/100|[from] Recoil\n|cant|p2b: Arcanine|slp\n|\n|upkeep\n|turn|6\n|inactive|Slackermaru has 30 seconds left.\n|\n|t:|1733164313\n|move|p2a: Basculegion|Aqua Jet|p1b: Incineroar\n|-supereffective|p1b: Incineroar\n|-damage|p1b: Incineroar|0 fnt\n|faint|p1b: Incineroar\n|move|p1a: Vivillon|Sleep Powder|p2a: Basculegion\n|-status|p2a: Basculegion|slp|[from] move: Sleep Powder\n|cant|p2b: Arcanine|slp\n|\n|upkeep\n|\n|t:|1733164328\n|switch|p1b: Sneasler|Sneasler, L50, M|100\/100\n|turn|7\n|\n|t:|1733164340\n|-curestatus|p2b: Arcanine|slp|[msg]\n|move|p2b: Arcanine|Extreme Speed|p1a: Vivillon\n|-damage|p1a: Vivillon|0 fnt\n|faint|p1a: Vivillon\n|cant|p2a: Basculegion|slp\n|move|p1b: Sneasler|Close Combat|p2b: Arcanine\n|-supereffective|p2b: Arcanine\n|-damage|p2b: Arcanine|0 fnt\n|-unboost|p1b: Sneasler|def|1\n|-unboost|p1b: Sneasler|spd|1\n|-enditem|p1b: Sneasler|White Herb\n|-clearnegativeboost|p1b: Sneasler|[silent]\n|faint|p2b: Arcanine\n|\n|-sideend|p1: Slackermaru|move: Tailwind\n|upkeep\n|\n|t:|1733164360\n|switch|p1a: Archaludon|Archaludon, L50, F, tera:Electric|42\/100\n|switch|p2b: Pawmot|Pawmot, L50, F|74\/100\n|turn|8\n|j| PhantumKai\n|l| PhantumKai\n|\n|t:|1733164381\n|-curestatus|p2a: Basculegion|slp|[msg]\n|move|p2a: Basculegion|Aqua Jet|p1a: Archaludon\n|-damage|p1a: Archaludon|9\/100\n|move|p1b: Sneasler|Close Combat|p2b: Pawmot\n|-damage|p2b: Pawmot|0 fnt\n|-unboost|p1b: Sneasler|def|1\n|-unboost|p1b: Sneasler|spd|1\n|faint|p2b: Pawmot\n|move|p1a: Archaludon|Thunderbolt|p2a: Basculegion\n|-supereffective|p2a: Basculegion\n|-damage|p2a: Basculegion|0 fnt\n|faint|p2a: Basculegion\n|\n|win|Slackermaru\n|raw|Slackermaru's rating: 1747 &rarr; <strong>1770<\/strong><br \/>(+23 for winning)\n|raw|dinglustan's rating: 1794 &rarr; <strong>1771<\/strong><br \/>(-23 for losing)\n|l|\u2606dinglustan\n|player|p2|\n|l|\u2606Slackermaru\n|player|p1|\n|l| Peroquecuones\n","uploadtime":1733164520,"views":21,"formatid":"gen9vgc2024regh","rating":1770,"private":0,"password":null}