{"id":"gen9vgc2024regh-2255663165","format":"[Gen 9] VGC 2024 Reg H","players":["Azure-Saffron","CarryTheBoats"],"log":"|j|\u2606Azure-Saffron\n|j|\u2606CarryTheBoats\n|t:|1733202062\n|gametype|doubles\n|player|p1|Azure-Saffron|carmine-festival|1633\n|player|p2|CarryTheBoats|crasherwake|1836\n|teamsize|p1|6\n|teamsize|p2|6\n|gen|9\n|tier|[Gen 9] VGC 2024 Reg H\n|rated|\n|rule|Species Clause: Limit one of each Pok\u00e9mon\n|rule|Item Clause: Limit 1 of each item\n|clearpoke\n|poke|p1|Kleavor, L50, M|\n|poke|p1|Sneasler, L50, M|\n|poke|p1|Indeedee, L50, M|\n|poke|p1|Dragapult, L50, F|\n|poke|p1|Archaludon, L50, F|\n|poke|p1|Ursaluna-Bloodmoon, L50, M|\n|poke|p2|Archaludon, L50, F|\n|poke|p2|Pelipper, L50, M|\n|poke|p2|Amoonguss, L50, F|\n|poke|p2|Incineroar, L50, M|\n|poke|p2|Basculegion, L50, M|\n|poke|p2|Dragonite, L50, F|\n|teampreview|4\n|inactive|Battle timer is ON: inactive players will automatically lose when time's up. (requested by Azure-Saffron)\n|inactive|Azure-Saffron has 60 seconds left.\n|inactive|CarryTheBoats has 60 seconds left.\nCarryTheBoats rejected open team sheets.\n|inactive|CarryTheBoats has 30 seconds left.\n|\n|t:|1733202123\n|start\n|switch|p1a: Kleavor|Kleavor, L50, M, shiny|100\/100\n|switch|p1b: Dragapult|Dragapult, L50, F|100\/100\n|switch|p2a: Amoonguss|Amoonguss, L50, F|100\/100\n|switch|p2b: Dragonite|Dragonite, L50, F|100\/100\n|turn|1\n|\n|t:|1733202148\n|switch|p2b: Archaludon|Archaludon, L50, F, shiny|100\/100\n|move|p1b: Dragapult|Phantom Force||[still]\n|-prepare|p1b: Dragapult|Phantom Force\n|move|p1a: Kleavor|Stone Axe|p2b: Archaludon\n|-resisted|p2b: Archaludon\n|-damage|p2b: Archaludon|82\/100\n|-ability|p2b: Archaludon|Stamina|boost\n|-boost|p2b: Archaludon|def|1\n|-sidestart|p2: CarryTheBoats|move: Stealth Rock\n|move|p2a: Amoonguss|Spore|p1a: Kleavor\n|-status|p1a: Kleavor|slp|[from] move: Spore\n|\n|upkeep\n|turn|2\n|\n|t:|1733202158\n|move|p1b: Dragapult|Phantom Force|p2b: Archaludon|[from]lockedmove\n|-damage|p2b: Archaludon|50\/100\n|-ability|p2b: Archaludon|Stamina|boost\n|-boost|p2b: Archaludon|def|1\n|cant|p1a: Kleavor|slp\n|move|p2b: Archaludon|Dragon Pulse|p1b: Dragapult\n|-supereffective|p1b: Dragapult\n|-damage|p1b: Dragapult|0 fnt\n|faint|p1b: Dragapult\n|move|p2a: Amoonguss|Pollen Puff|p2b: Archaludon\n|-heal|p2b: Archaludon|99\/100\n|\n|upkeep\n|\n|t:|1733202165\n|switch|p1b: Ursaluna|Ursaluna-Bloodmoon, L50, M|100\/100\n|turn|3\n|\n|t:|1733202182\n|-terastallize|p1b: Ursaluna|Normal\n|cant|p1a: Kleavor|slp\n|move|p2b: Archaludon|Flash Cannon|p1a: Kleavor\n|-supereffective|p1a: Kleavor\n|-enditem|p1a: Kleavor|Focus Sash\n|-damage|p1a: Kleavor|1\/100 slp\n|move|p1b: Ursaluna|Blood Moon|p2a: Amoonguss\n|-damage|p2a: Amoonguss|0 fnt\n|faint|p2a: Amoonguss\n|-damage|p1b: Ursaluna|91\/100|[from] item: Life Orb\n|\n|upkeep\n|\n|t:|1733202197\n|switch|p2a: Pelipper|Pelipper, L50, M|100\/100\n|-damage|p2a: Pelipper|76\/100|[from] Stealth Rock\n|-weather|RainDance|[from] ability: Drizzle|[of] p2a: Pelipper\n|turn|4\n|\n|t:|1733202202\n|-curestatus|p1a: Kleavor|slp|[msg]\n|move|p1a: Kleavor|Tailwind|p1a: Kleavor\n|-sidestart|p1: Azure-Saffron|move: Tailwind\n|move|p1b: Ursaluna|Earth Power|p2b: Archaludon\n|-supereffective|p2b: Archaludon\n|-damage|p2b: Archaludon|0 fnt\n|faint|p2b: Archaludon\n|-damage|p1b: Ursaluna|81\/100|[from] item: Life Orb\n|move|p2a: Pelipper|Tailwind|p2a: Pelipper\n|-sidestart|p2: CarryTheBoats|move: Tailwind\n|\n|-weather|RainDance|[upkeep]\n|upkeep\n|\n|t:|1733202208\n|switch|p2b: Dragonite|Dragonite, L50, F|100\/100\n|-damage|p2b: Dragonite|75\/100|[from] Stealth Rock\n|turn|5\n|\n|t:|1733202223\n|-terastallize|p2b: Dragonite|Fairy\n|move|p2a: Pelipper|Protect|p2a: Pelipper\n|-singleturn|p2a: Pelipper|Protect\n|move|p1a: Kleavor|Stone Axe|p2a: Pelipper\n|-activate|p2a: Pelipper|move: Protect\n|move|p2b: Dragonite|Scale Shot|p1b: Ursaluna\n|-damage|p1b: Ursaluna|70\/100\n|-damage|p1b: Ursaluna|58\/100\n|-damage|p1b: Ursaluna|47\/100\n|-damage|p1b: Ursaluna|35\/100\n|-hitcount|p1b: Ursaluna|4\n|-unboost|p2b: Dragonite|def|1\n|-boost|p2b: Dragonite|spe|1\n|move|p1b: Ursaluna|Blood Moon|p2b: Dragonite\n|-damage|p2b: Dragonite|0 fnt\n|faint|p2b: Dragonite\n|-damage|p1b: Ursaluna|25\/100|[from] item: Life Orb\n|\n|-weather|RainDance|[upkeep]\n|upkeep\n|turn|6\n|\n|t:|1733202232\n|move|p1a: Kleavor|Stone Axe|p2a: Pelipper\n|-supereffective|p2a: Pelipper\n|-damage|p2a: Pelipper|0 fnt\n|faint|p2a: Pelipper\n|\n|win|Azure-Saffron\n|raw|Azure-Saffron's rating: 1633 &rarr; <strong>1664<\/strong><br \/>(+31 for winning)\n|raw|CarryTheBoats's rating: 1836 &rarr; <strong>1805<\/strong><br \/>(-31 for losing)\n|c|\u2606Azure-Saffron|gg\n|l|\u2606CarryTheBoats\n|player|p2|\n|l|\u2606Azure-Saffron\n|player|p1|\n","uploadtime":1733202469,"views":5,"formatid":"gen9vgc2024regh","rating":1664,"private":0,"password":null}