{"id":"gen9vgc2024regh-2256906540","format":"[Gen 9] VGC 2024 Reg H","players":["DavidElGafe","greenlightdmp"],"log":"|j|\u2606DavidElGafe\n|j|\u2606greenlightdmp\n|t:|1733357440\n|gametype|doubles\n|player|p1|DavidElGafe|blue|1687\n|player|p2|greenlightdmp|170|1710\n|teamsize|p1|6\n|teamsize|p2|6\n|gen|9\n|tier|[Gen 9] VGC 2024 Reg H\n|rated|\n|rule|Species Clause: Limit one of each Pok\u00e9mon\n|rule|Item Clause: Limit 1 of each item\n|clearpoke\n|poke|p1|Whimsicott, L50, F|\n|poke|p1|Incineroar, L50, F|\n|poke|p1|Ursaluna-Bloodmoon, L50, M|\n|poke|p1|Basculegion, L50, M|\n|poke|p1|Annihilape, L50, M|\n|poke|p1|Archaludon, L50, M|\n|poke|p2|Pelipper, L50, F|\n|poke|p2|Archaludon, L50, F|\n|poke|p2|Sneasler, L50, M|\n|poke|p2|Dragonite, L50, F|\n|poke|p2|Basculegion, L50, M|\n|poke|p2|Rillaboom, L50, M|\n|teampreview|4\n|\n|t:|1733357476\n|start\n|switch|p1a: Whimsicott|Whimsicott, L50, F|100\/100\n|switch|p1b: Annihilape|Annihilape, L50, M|100\/100\n|switch|p2a: Ceasar|Rillaboom, L50, M|100\/100\n|switch|p2b: Hermes|Sneasler, L50, M|100\/100\n|-fieldstart|move: Grassy Terrain|[from] ability: Grassy Surge|[of] p2a: Ceasar\n|-enditem|p2b: Hermes|Grassy Seed\n|-boost|p2b: Hermes|def|1|[from] item: Grassy Seed\n|turn|1\n|\n|t:|1733357501\n|-terastallize|p1a: Whimsicott|Ghost\n|move|p2a: Ceasar|Fake Out|p1a: Whimsicott\n|-immune|p1a: Whimsicott\n|move|p2b: Hermes|Dire Claw|p1a: Whimsicott\n|-resisted|p1a: Whimsicott\n|-crit|p1a: Whimsicott\n|-damage|p1a: Whimsicott|55\/100\n|-status|p1a: Whimsicott|slp\n|move|p1b: Annihilape|Final Gambit|p2a: Ceasar\n|-damage|p2a: Ceasar|3\/100\n|faint|p1b: Annihilape\n|cant|p1a: Whimsicott|slp\n|\n|-heal|p1a: Whimsicott|61\/100 slp|[from] Grassy Terrain\n|-heal|p2a: Ceasar|9\/100|[from] Grassy Terrain\n|upkeep\n|\n|t:|1733357519\n|switch|p1b: Basculegion|Basculegion, L50, M, shiny|100\/100\n|turn|2\n|\n|t:|1733357530\n|move|p1b: Basculegion|Aqua Jet|p2a: Ceasar\n|-resisted|p2a: Ceasar\n|-damage|p2a: Ceasar|0 fnt\n|faint|p2a: Ceasar\n|move|p2b: Hermes|Throat Chop|p1a: Whimsicott\n|-supereffective|p1a: Whimsicott\n|-damage|p1a: Whimsicott|0 fnt\n|faint|p1a: Whimsicott\n|\n|upkeep\n|\n|t:|1733357539\n|switch|p1a: Ursaluna|Ursaluna-Bloodmoon, L50, M|100\/100\n|switch|p2a: Posiden|Pelipper, L50, F|100\/100\n|-weather|RainDance|[from] ability: Drizzle|[of] p2a: Posiden\n|turn|3\n|\n|t:|1733357559\n|-terastallize|p2b: Hermes|Dark\n|move|p2a: Posiden|Protect|p2a: Posiden\n|-singleturn|p2a: Posiden|Protect\n|move|p1a: Ursaluna|Protect|p1a: Ursaluna\n|-singleturn|p1a: Ursaluna|Protect\n|move|p2b: Hermes|Throat Chop|p1b: Basculegion\n|-supereffective|p1b: Basculegion\n|-damage|p1b: Basculegion|9\/100\n|-start|p1b: Basculegion|Throat Chop|[silent]\n|move|p1b: Basculegion|Last Respects|p2a: Posiden\n|-activate|p2a: Posiden|move: Protect\n|\n|-weather|RainDance|[upkeep]\n|-heal|p1b: Basculegion|15\/100|[from] Grassy Terrain\n|upkeep\n|turn|4\n|inactive|Battle timer is ON: inactive players will automatically lose when time's up. (requested by DavidElGafe)\n|\n|t:|1733357578\n|move|p1b: Basculegion|Protect|p1b: Basculegion\n|-singleturn|p1b: Basculegion|Protect\n|move|p2b: Hermes|Throat Chop|p1b: Basculegion\n|-activate|p1b: Basculegion|move: Protect\n|move|p2a: Posiden|Weather Ball|p1a: Ursaluna\n|-supereffective|p1a: Ursaluna\n|-damage|p1a: Ursaluna|0 fnt\n|faint|p1a: Ursaluna\n|\n|-weather|RainDance|[upkeep]\n|-heal|p1b: Basculegion|21\/100|[from] Grassy Terrain\n|-end|p1b: Basculegion|Throat Chop|[silent]\n|upkeep\n|turn|5\n|-message|DavidElGafe forfeited.\n|\n|win|greenlightdmp\n|raw|DavidElGafe's rating: 1687 &rarr; <strong>1668<\/strong><br \/>(-19 for losing)\n|raw|greenlightdmp's rating: 1710 &rarr; <strong>1729<\/strong><br \/>(+19 for winning)\n|l|\u2606DavidElGafe\n|player|p1|\n|l|\u2606greenlightdmp\n|player|p2|\n","uploadtime":1733357817,"views":4,"formatid":"gen9vgc2024regh","rating":1668,"private":0,"password":null}