{"id":"gen9vgc2024regh-2256918954","format":"[Gen 9] VGC 2024 Reg H","players":["greenlightdmp","Mildly Displeased"],"log":"|j|\u2606greenlightdmp\n|j|\u2606Mildly Displeased\n|t:|1733358990\n|gametype|doubles\n|player|p1|greenlightdmp|170|1729\n|player|p2|Mildly Displeased|lillie|1693\n|teamsize|p1|6\n|teamsize|p2|6\n|gen|9\n|tier|[Gen 9] VGC 2024 Reg H\n|rated|\n|rule|Species Clause: Limit one of each Pok\u00e9mon\n|rule|Item Clause: Limit 1 of each item\n|clearpoke\n|poke|p1|Pelipper, L50, M|\n|poke|p1|Archaludon, L50, F|\n|poke|p1|Sneasler, L50, F|\n|poke|p1|Dragonite, L50, M|\n|poke|p1|Basculegion, L50, M|\n|poke|p1|Rillaboom, L50, F|\n|poke|p2|Primarina, L50, F|\n|poke|p2|Pelipper, L50, F|\n|poke|p2|Scizor, L50, M|\n|poke|p2|Basculegion, L50, M|\n|poke|p2|Sneasler, L50, M|\n|poke|p2|Archaludon, L50, M|\n|teampreview|4\n|inactive|Battle timer is ON: inactive players will automatically lose when time's up. (requested by Mildly Displeased)\n|\n|t:|1733359018\n|start\n|switch|p1a: Posiden|Pelipper, L50, M|100\/100\n|switch|p1b: Hermes|Sneasler, L50, F|100\/100\n|switch|p2a: Scizor|Scizor, L50, M|100\/100\n|switch|p2b: Sneasler|Sneasler, L50, M|100\/100\n|-weather|RainDance|[from] ability: Drizzle|[of] p1a: Posiden\n|turn|1\n|inactive|greenlightdmp has 30 seconds left.\n|inactive|Mildly Displeased has 30 seconds left.\n|\n|t:|1733359049\n|-terastallize|p1a: Posiden|Ghost\n|move|p2b: Sneasler|Dire Claw|p1a: Posiden\n|-resisted|p1a: Posiden\n|-damage|p1a: Posiden|78\/100\n|-status|p1a: Posiden|par\n|move|p1b: Hermes|Close Combat|p2a: Scizor\n|-damage|p2a: Scizor|36\/100\n|-unboost|p1b: Hermes|def|1\n|-unboost|p1b: Hermes|spd|1\n|move|p2a: Scizor|Dual Wingbeat|p1b: Hermes\n|-supereffective|p1b: Hermes\n|-damage|p1b: Hermes|0 fnt\n|faint|p1b: Hermes\n|-hitcount|p1: Hermes|1\n|cant|p1a: Posiden|par\n|\n|-weather|RainDance|[upkeep]\n|upkeep\n|\n|t:|1733359068\n|switch|p1b: Hephetus|Archaludon, L50, F|100\/100\n|turn|2\n|\n|t:|1733359077\n|move|p2a: Scizor|Bullet Punch|p1a: Posiden\n|-damage|p1a: Posiden|41\/100 par\n|move|p2b: Sneasler|Throat Chop|p1a: Posiden\n|-supereffective|p1a: Posiden\n|-damage|p1a: Posiden|0 fnt\n|faint|p1a: Posiden\n|move|p1b: Hephetus|Electro Shot||[still]\n|-prepare|p1b: Hephetus|Electro Shot\n|-boost|p1b: Hephetus|spa|1\n|-anim|p1b: Hephetus|Electro Shot|p2a: Scizor\n|-damage|p2a: Scizor|0 fnt\n|faint|p2a: Scizor\n|\n|-weather|RainDance|[upkeep]\n|upkeep\n|\n|t:|1733359088\n|switch|p1a: Ceasar|Rillaboom, L50, F|100\/100\n|switch|p2a: Archaludon|Archaludon, L50, M|100\/100\n|-fieldstart|move: Grassy Terrain|[from] ability: Grassy Surge|[of] p1a: Ceasar\n|turn|3\n|\n|t:|1733359106\n|switch|p2b: Pelipper|Pelipper, L50, F|100\/100\n|move|p1a: Ceasar|Bullet Seed|p1b: Hephetus\n|-resisted|p1b: Hephetus\n|-damage|p1b: Hephetus|98\/100\n|-ability|p1b: Hephetus|Stamina|boost\n|-boost|p1b: Hephetus|def|1\n|-resisted|p1b: Hephetus\n|-damage|p1b: Hephetus|96\/100\n|-ability|p1b: Hephetus|Stamina|boost\n|-boost|p1b: Hephetus|def|1\n|-resisted|p1b: Hephetus\n|-damage|p1b: Hephetus|95\/100\n|-ability|p1b: Hephetus|Stamina|boost\n|-boost|p1b: Hephetus|def|1\n|-resisted|p1b: Hephetus\n|-damage|p1b: Hephetus|94\/100\n|-ability|p1b: Hephetus|Stamina|boost\n|-boost|p1b: Hephetus|def|1\n|-resisted|p1b: Hephetus\n|-damage|p1b: Hephetus|94\/100\n|-ability|p1b: Hephetus|Stamina|boost\n|-boost|p1b: Hephetus|def|1\n|-hitcount|p1b: Hephetus|5\n|move|p1b: Hephetus|Body Press|p2a: Archaludon\n|-supereffective|p2a: Archaludon\n|-damage|p2a: Archaludon|0 fnt\n|faint|p2a: Archaludon\n|\n|-weather|RainDance|[upkeep]\n|-heal|p1b: Hephetus|99\/100|[from] Grassy Terrain\n|upkeep\n|\n|t:|1733359110\n|switch|p2a: Sneasler|Sneasler, L50, M|100\/100\n|turn|4\n|inactive|greenlightdmp has 30 seconds left.\n|inactive|Mildly Displeased has 30 seconds left.\n|\n|t:|1733359145\n|move|p2a: Sneasler|Fake Out|p1b: Hephetus\n|-resisted|p1b: Hephetus\n|-damage|p1b: Hephetus|99\/100\n|-ability|p1b: Hephetus|Stamina|boost\n|-boost|p1b: Hephetus|def|1\n|move|p1a: Ceasar|Bullet Seed|p2b: Pelipper\n|-damage|p2b: Pelipper|84\/100\n|-crit|p2b: Pelipper\n|-damage|p2b: Pelipper|60\/100\n|-damage|p2b: Pelipper|43\/100\n|-damage|p2b: Pelipper|27\/100\n|-damage|p2b: Pelipper|10\/100\n|-hitcount|p2b: Pelipper|5\n|cant|p1b: Hephetus|flinch\n|move|p2b: Pelipper|Hurricane|p1a: Ceasar\n|-supereffective|p1a: Ceasar\n|-damage|p1a: Ceasar|0 fnt\n|faint|p1a: Ceasar\n|\n|-weather|RainDance|[upkeep]\n|-heal|p1b: Hephetus|100\/100|[from] Grassy Terrain\n|upkeep\n|turn|5\n|\n|t:|1733359166\n|-terastallize|p2b: Pelipper|Water\n|move|p2a: Sneasler|Close Combat|p1b: Hephetus\n|-supereffective|p1b: Hephetus\n|-damage|p1b: Hephetus|78\/100\n|-unboost|p2a: Sneasler|def|1\n|-unboost|p2a: Sneasler|spd|1\n|move|p1b: Hephetus|Electro Shot||[still]\n|-prepare|p1b: Hephetus|Electro Shot\n|-boost|p1b: Hephetus|spa|1\n|-anim|p1b: Hephetus|Electro Shot|p2b: Pelipper\n|-supereffective|p2b: Pelipper\n|-damage|p2b: Pelipper|0 fnt\n|faint|p2b: Pelipper\n|\n|-weather|none\n|-heal|p1b: Hephetus|84\/100|[from] Grassy Terrain\n|upkeep\n|turn|6\n|\n|t:|1733359181\n|move|p2a: Sneasler|Close Combat|p1b: Hephetus\n|-supereffective|p1b: Hephetus\n|-damage|p1b: Hephetus|62\/100\n|-unboost|p2a: Sneasler|def|1\n|-unboost|p2a: Sneasler|spd|1\n|move|p1b: Hephetus|Flash Cannon|p2a: Sneasler\n|-enditem|p2a: Sneasler|Focus Sash\n|-damage|p2a: Sneasler|1\/100\n|\n|-heal|p2a: Sneasler|7\/100|[from] Grassy Terrain\n|-heal|p1b: Hephetus|68\/100|[from] Grassy Terrain\n|upkeep\n|turn|7\n|\n|t:|1733359190\n|move|p2a: Sneasler|Close Combat|p1b: Hephetus\n|-supereffective|p1b: Hephetus\n|-damage|p1b: Hephetus|47\/100\n|-unboost|p2a: Sneasler|def|1\n|-unboost|p2a: Sneasler|spd|1\n|move|p1b: Hephetus|Flash Cannon|p2a: Sneasler\n|-damage|p2a: Sneasler|0 fnt\n|faint|p2a: Sneasler\n|\n|win|greenlightdmp\n|raw|greenlightdmp's rating: 1729 &rarr; <strong>1747<\/strong><br \/>(+18 for winning)\n|raw|Mildly Displeased's rating: 1693 &rarr; <strong>1675<\/strong><br \/>(-18 for losing)\n|l|\u2606Mildly Displeased\n|player|p2|\n","uploadtime":1733359335,"views":66,"formatid":"gen9vgc2024regh","rating":1675,"private":0,"password":null}