{"id":"gen9vgc2024regh-2256458398","format":"[Gen 9] VGC 2024 Reg H","players":["Djjwjwwjj","tecaes televantas"],"log":"|j|\u2606Djjwjwwjj\n|j|\u2606tecaes televantas\n|t:|1733307478\n|gametype|doubles\n|player|p1|Djjwjwwjj|266|1755\n|player|p2|tecaes televantas|cilan|1712\n|teamsize|p1|6\n|teamsize|p2|6\n|gen|9\n|tier|[Gen 9] VGC 2024 Reg H\n|rated|\n|rule|Species Clause: Limit one of each Pok\u00e9mon\n|rule|Item Clause: Limit 1 of each item\n|clearpoke\n|poke|p1|Palafin, L50, M|\n|poke|p1|Pelipper, L50, M|\n|poke|p1|Rillaboom, L50, F|\n|poke|p1|Electabuzz, L50, M|\n|poke|p1|Incineroar, L50, F|\n|poke|p1|Archaludon, L50, F|\n|poke|p2|Armarouge, L50, M|\n|poke|p2|Dragapult, L50, M|\n|poke|p2|Electabuzz, L50, M|\n|poke|p2|Kingambit, L50, F|\n|poke|p2|Ursaluna-Bloodmoon, L50, M|\n|poke|p2|Whimsicott, L50, M|\n|teampreview|4\n|inactive|Battle timer is ON: inactive players will automatically lose when time's up. (requested by Djjwjwwjj)\n|inactive|Djjwjwwjj has 60 seconds left.\n|inactive|tecaes televantas has 60 seconds left.\n|\n|t:|1733307520\n|start\n|switch|p1a: Rillaboom|Rillaboom, L50, F|100\/100\n|switch|p1b: Palafin|Palafin, L50, M|100\/100\n|switch|p2a: Dragapult|Dragapult, L50, M|100\/100\n|switch|p2b: Electabuzz|Electabuzz, L50, M|100\/100\n|-fieldstart|move: Grassy Terrain|[from] ability: Grassy Surge|[of] p1a: Rillaboom\n|turn|1\n|\n|t:|1733307538\n|detailschange|p1b: Palafin|Palafin-Hero, L50, M\n|switch|p1b: Archaludon|Archaludon, L50, F|100\/100\n|move|p2b: Electabuzz|Helping Hand|p2a: Dragapult\n|-singleturn|p2a: Dragapult|Helping Hand|[of] p2b: Electabuzz\n|move|p2a: Dragapult|Dragon Darts|p1b: Archaludon\n|-damage|p1b: Archaludon|62\/100\n|-ability|p1b: Archaludon|Stamina|boost\n|-boost|p1b: Archaludon|def|1\n|-anim|p2a: Dragapult|Dragon Darts|p1a: Rillaboom\n|-damage|p1a: Rillaboom|48\/100\n|move|p1a: Rillaboom|Bullet Seed|p1b: Archaludon\n|-resisted|p1b: Archaludon\n|-crit|p1b: Archaludon\n|-damage|p1b: Archaludon|58\/100\n|-ability|p1b: Archaludon|Stamina|boost\n|-boost|p1b: Archaludon|def|1\n|-resisted|p1b: Archaludon\n|-damage|p1b: Archaludon|57\/100\n|-ability|p1b: Archaludon|Stamina|boost\n|-boost|p1b: Archaludon|def|1\n|-resisted|p1b: Archaludon\n|-damage|p1b: Archaludon|56\/100\n|-ability|p1b: Archaludon|Stamina|boost\n|-boost|p1b: Archaludon|def|1\n|-resisted|p1b: Archaludon\n|-damage|p1b: Archaludon|55\/100\n|-ability|p1b: Archaludon|Stamina|boost\n|-boost|p1b: Archaludon|def|1\n|-resisted|p1b: Archaludon\n|-damage|p1b: Archaludon|55\/100\n|-ability|p1b: Archaludon|Stamina|boost\n|-boost|p1b: Archaludon|def|1\n|-hitcount|p1b: Archaludon|5\n|\n|-heal|p1a: Rillaboom|54\/100|[from] Grassy Terrain\n|-heal|p1b: Archaludon|61\/100|[from] Grassy Terrain\n|upkeep\n|turn|2\n|inactive|Djjwjwwjj has 30 seconds left.\n|inactive|tecaes televantas has 30 seconds left.\n|inactive|Djjwjwwjj has 20 seconds left.\n|inactive|Djjwjwwjj has 15 seconds left.\n|inactive|Djjwjwwjj has 10 seconds left.\n|\n|t:|1733307585\n|-terastallize|p2b: Electabuzz|Ghost\n|move|p2a: Dragapult|Dragon Darts|p1a: Rillaboom\n|-damage|p1a: Rillaboom|17\/100\n|-anim|p2a: Dragapult|Dragon Darts|p1b: Archaludon\n|-damage|p1b: Archaludon|53\/100\n|move|p2b: Electabuzz|Electroweb|p1a: Rillaboom|[spread] p1a,p1b\n|-resisted|p1a: Rillaboom\n|-resisted|p1b: Archaludon\n|-damage|p1a: Rillaboom|10\/100\n|-damage|p1b: Archaludon|48\/100\n|-unboost|p1a: Rillaboom|spe|1\n|-unboost|p1b: Archaludon|spe|1\n|move|p1a: Rillaboom|Bullet Seed|p2b: Electabuzz\n|-damage|p2b: Electabuzz|89\/100\n|-damage|p2b: Electabuzz|75\/100\n|-damage|p2b: Electabuzz|62\/100\n|-damage|p2b: Electabuzz|50\/100\n|-hitcount|p2b: Electabuzz|4\n|move|p1b: Archaludon|Dragon Pulse|p2a: Dragapult\n|-supereffective|p2a: Dragapult\n|-damage|p2a: Dragapult|0 fnt\n|faint|p2a: Dragapult\n|\n|-heal|p2b: Electabuzz|56\/100|[from] Grassy Terrain\n|-heal|p1a: Rillaboom|16\/100|[from] Grassy Terrain\n|-heal|p1b: Archaludon|54\/100|[from] Grassy Terrain\n|upkeep\n|inactive|tecaes televantas has 30 seconds left.\n|\n|t:|1733307616\n|switch|p2a: Ursaluna|Ursaluna-Bloodmoon, L50, M|100\/100\n|turn|3\n|inactive|Djjwjwwjj has 30 seconds left.\n|inactive|Djjwjwwjj has 20 seconds left.\n|\n|t:|1733307655\n|-terastallize|p1b: Archaludon|Fairy\n|move|p2b: Electabuzz|Helping Hand|p2a: Ursaluna\n|-singleturn|p2a: Ursaluna|Helping Hand|[of] p2b: Electabuzz\n|move|p2a: Ursaluna|Earth Power|p1b: Archaludon\n|-damage|p1b: Archaludon|4\/100\n|move|p1a: Rillaboom|Bullet Seed|p2a: Ursaluna\n|-supereffective|p2a: Ursaluna\n|-damage|p2a: Ursaluna|75\/100\n|-supereffective|p2a: Ursaluna\n|-damage|p2a: Ursaluna|46\/100\n|-supereffective|p2a: Ursaluna\n|-damage|p2a: Ursaluna|21\/100\n|-supereffective|p2a: Ursaluna\n|-crit|p2a: Ursaluna\n|-damage|p2a: Ursaluna|0 fnt\n|faint|p2a: Ursaluna\n|-hitcount|p2: Ursaluna|4\n|move|p1b: Archaludon|Dragon Pulse|p2b: Electabuzz\n|-damage|p2b: Electabuzz|27\/100\n|\n|-heal|p2b: Electabuzz|33\/100|[from] Grassy Terrain\n|-heal|p1a: Rillaboom|22\/100|[from] Grassy Terrain\n|-heal|p1b: Archaludon|10\/100|[from] Grassy Terrain\n|upkeep\n|\n|t:|1733307678\n|switch|p2a: Whimsicott|Whimsicott, L50, M|100\/100\n|turn|4\n|\n|t:|1733307692\n|move|p2b: Electabuzz|Protect|p2b: Electabuzz\n|-singleturn|p2b: Electabuzz|Protect\n|move|p1a: Rillaboom|Grassy Glide|p2b: Electabuzz\n|-activate|p2b: Electabuzz|move: Protect\n|move|p2a: Whimsicott|Moonblast|p1b: Archaludon\n|-damage|p1b: Archaludon|0 fnt\n|faint|p1b: Archaludon\n|\n|-heal|p2b: Electabuzz|39\/100|[from] Grassy Terrain\n|-heal|p1a: Rillaboom|28\/100|[from] Grassy Terrain\n|upkeep\n|\n|t:|1733307707\n|switch|p1b: Electabuzz|Electabuzz, L50, M|100\/100\n|turn|5\n|\n|t:|1733307730\n|move|p1a: Rillaboom|Grassy Glide|p2b: Electabuzz\n|-damage|p2b: Electabuzz|11\/100\n|move|p2a: Whimsicott|Moonblast|p1a: Rillaboom\n|-damage|p1a: Rillaboom|0 fnt\n|faint|p1a: Rillaboom\n|move|p1b: Electabuzz|Electroweb|p2b: Electabuzz|[spread] p2a,p2b\n|-resisted|p2a: Whimsicott\n|-damage|p2a: Whimsicott|92\/100\n|-damage|p2b: Electabuzz|0 fnt\n|faint|p2b: Electabuzz\n|\n|-heal|p2a: Whimsicott|97\/100|[from] Grassy Terrain\n|-fieldend|move: Grassy Terrain\n|upkeep\n|-message|tecaes televantas forfeited.\n|\n|win|Djjwjwwjj\n|raw|Djjwjwwjj's rating: 1755 &rarr; <strong>1773<\/strong><br \/>(+18 for winning)\n|raw|tecaes televantas's rating: 1712 &rarr; <strong>1694<\/strong><br \/>(-18 for losing)\n|l|\u2606Djjwjwwjj\n|player|p1|\n|l|\u2606tecaes televantas\n|player|p2|\n","uploadtime":1733308000,"views":130,"formatid":"gen9vgc2024regh","rating":1694,"private":0,"password":null}