{"id":"gen9vgc2024regh-2256964752","format":"[Gen 9] VGC 2024 Reg H","players":["OUFR snakeburger","Bloodyknuckles"],"log":"|j|\u2606OUFR snakeburger\n|j|\u2606Bloodyknuckles\n|t:|1733364689\n|gametype|doubles\n|player|p1|OUFR snakeburger|170|1703\n|player|p2|Bloodyknuckles|2|1702\n|teamsize|p1|6\n|teamsize|p2|6\n|gen|9\n|tier|[Gen 9] VGC 2024 Reg H\n|rated|\n|rule|Species Clause: Limit one of each Pok\u00e9mon\n|rule|Item Clause: Limit 1 of each item\n|clearpoke\n|poke|p1|Dragonite, L50, F|\n|poke|p1|Sinistcha, L50|\n|poke|p1|Ursaluna, L50, M|\n|poke|p1|Gholdengo, L50|\n|poke|p1|Archaludon, L50, M|\n|poke|p1|Pelipper, L50, M|\n|poke|p2|Gholdengo, L50|\n|poke|p2|Incineroar, L50, M|\n|poke|p2|Rillaboom, L50, M|\n|poke|p2|Electabuzz, L50, M|\n|poke|p2|Ursaluna-Bloodmoon, L50, M|\n|poke|p2|Sneasler, L50, F|\n|teampreview|4\n|c|\u2606OUFR snakeburger|glhf\n|j| aa123v11\n|inactive|Battle timer is ON: inactive players will automatically lose when time's up. (requested by Bloodyknuckles)\nBloodyknuckles rejected open team sheets.\n|\n|t:|1733364746\n|start\n|switch|p1a: Pelipper|Pelipper, L50, M|100\/100\n|switch|p1b: Archaludon|Archaludon, L50, M|100\/100\n|switch|p2a: Electabuzz|Electabuzz, L50, M|100\/100\n|switch|p2b: Ursaluna|Ursaluna-Bloodmoon, L50, M|100\/100\n|-weather|RainDance|[from] ability: Drizzle|[of] p1a: Pelipper\n|turn|1\n|c|\u2606Bloodyknuckles|Glhf\n|l| aa123v11\n|\n|t:|1733364755\n|-terastallize|p2b: Ursaluna|Normal\n|move|p1a: Pelipper|Wide Guard|p1a: Pelipper\n|-singleturn|p1a: Pelipper|Wide Guard\n|move|p2a: Electabuzz|Electroweb|p1a: Pelipper|[spread] \n|-activate|p1a: Pelipper|move: Wide Guard\n|-activate|p1b: Archaludon|move: Wide Guard\n|move|p1b: Archaludon|Snarl|p2a: Electabuzz|[spread] p2a,p2b\n|-damage|p2a: Electabuzz|90\/100\n|-damage|p2b: Ursaluna|79\/100\n|-unboost|p2a: Electabuzz|spa|1\n|-unboost|p2b: Ursaluna|spa|1\n|move|p2b: Ursaluna|Hyper Voice|p1b: Archaludon|[spread] \n|-activate|p1a: Pelipper|move: Wide Guard\n|-activate|p1b: Archaludon|move: Wide Guard\n|\n|-weather|RainDance|[upkeep]\n|upkeep\n|turn|2\n|inactive|OUFR snakeburger has 30 seconds left.\n|\n|t:|1733364783\n|switch|p2b: Gholdengo|Gholdengo, L50|100\/100\n|move|p2a: Electabuzz|Electroweb|p1a: Pelipper|[spread] p1a,p1b\n|-supereffective|p1a: Pelipper\n|-resisted|p1b: Archaludon\n|-damage|p1a: Pelipper|38\/100\n|-damage|p1b: Archaludon|96\/100\n|-unboost|p1a: Pelipper|spe|1\n|-unboost|p1b: Archaludon|spe|1\n|-ability|p1b: Archaludon|Stamina|boost\n|-boost|p1b: Archaludon|def|1\n|move|p1a: Pelipper|Muddy Water|p2a: Electabuzz|[spread] p2a,p2b\n|-damage|p2a: Electabuzz|63\/100\n|-damage|p2b: Gholdengo|61\/100\n|move|p1b: Archaludon|Snarl|p2b: Gholdengo|[spread] p2a,p2b\n|-supereffective|p2b: Gholdengo\n|-crit|p2b: Gholdengo\n|-damage|p2a: Electabuzz|53\/100\n|-damage|p2b: Gholdengo|19\/100\n|-unboost|p2a: Electabuzz|spa|1\n|-unboost|p2b: Gholdengo|spa|1\n|\n|-weather|RainDance|[upkeep]\n|-heal|p2b: Gholdengo|25\/100|[from] item: Leftovers\n|upkeep\n|turn|3\n|inactive|Bloodyknuckles has 30 seconds left.\n|\n|t:|1733364811\n|move|p1a: Pelipper|Protect|p1a: Pelipper\n|-singleturn|p1a: Pelipper|Protect\n|move|p2a: Electabuzz|Follow Me|p2a: Electabuzz\n|-singleturn|p2a: Electabuzz|move: Follow Me\n|move|p2b: Gholdengo|Make It Rain|p1b: Archaludon|[spread] p1b\n|-activate|p1a: Pelipper|move: Protect\n|-resisted|p1b: Archaludon\n|-damage|p1b: Archaludon|84\/100\n|-unboost|p2b: Gholdengo|spa|1\n|-ability|p1b: Archaludon|Stamina|boost\n|-boost|p1b: Archaludon|def|1\n|move|p1b: Archaludon|Snarl|p2b: Gholdengo|[spread] p2b\n|-miss|p1b: Archaludon|p2a: Electabuzz\n|-supereffective|p2b: Gholdengo\n|-damage|p2b: Gholdengo|0 fnt\n|faint|p2b: Gholdengo\n|\n|-weather|RainDance|[upkeep]\n|upkeep\n|\n|t:|1733364823\n|switch|p2b: Ursaluna|Ursaluna-Bloodmoon, L50, M, tera:Normal|79\/100\n|turn|4\n|\n|t:|1733364834\n|switch|p1a: Sinistcha|Sinistcha, L50|100\/100\n|-heal|p1b: Archaludon|100\/100|[from] ability: Hospitality|[of] p1a: Sinistcha\n|move|p2a: Electabuzz|Electroweb|p1b: Archaludon|[spread] p1a,p1b\n|-resisted|p1a: Sinistcha\n|-crit|p1a: Sinistcha\n|-resisted|p1b: Archaludon\n|-crit|p1b: Archaludon\n|-damage|p1a: Sinistcha|91\/100\n|-damage|p1b: Archaludon|91\/100\n|-unboost|p1a: Sinistcha|spe|1\n|-unboost|p1b: Archaludon|spe|1\n|-ability|p1b: Archaludon|Stamina|boost\n|-boost|p1b: Archaludon|def|1\n|move|p2b: Ursaluna|Earth Power|p1b: Archaludon\n|-supereffective|p1b: Archaludon\n|-damage|p1b: Archaludon|0 fnt\n|faint|p1b: Archaludon\n|-damage|p2b: Ursaluna|70\/100|[from] item: Life Orb\n|\n|-weather|RainDance|[upkeep]\n|upkeep\n|\n|t:|1733364851\n|switch|p1b: Pelipper|Pelipper, L50, M|38\/100\n|turn|5\n|\n|t:|1733364873\n|move|p1b: Pelipper|Wide Guard|p1b: Pelipper\n|-singleturn|p1b: Pelipper|Wide Guard\n|move|p2a: Electabuzz|Electroweb|p1b: Pelipper|[spread] \n|-activate|p1a: Sinistcha|move: Wide Guard\n|-activate|p1b: Pelipper|move: Wide Guard\n|move|p2b: Ursaluna|Blood Moon|p1a: Sinistcha\n|-damage|p1a: Sinistcha|0 fnt\n|faint|p1a: Sinistcha\n|-damage|p2b: Ursaluna|60\/100|[from] item: Life Orb\n|\n|-weather|none\n|upkeep\n|\n|t:|1733364883\n|switch|p1a: Ursaluna|Ursaluna, L50, M|100\/100\n|turn|6\n|inactive|Bloodyknuckles has 30 seconds left.\n|inactive|Bloodyknuckles has 20 seconds left.\n|\n|t:|1733364921\n|switch|p2a: Incineroar|Incineroar, L50, M|100\/100\n|-ability|p2a: Incineroar|Intimidate|boost\n|-unboost|p1a: Ursaluna|atk|1\n|-unboost|p1b: Pelipper|atk|1\n|move|p2b: Ursaluna|Protect|p2b: Ursaluna\n|-singleturn|p2b: Ursaluna|Protect\n|move|p1b: Pelipper|Wide Guard|p1b: Pelipper\n|-singleturn|p1b: Pelipper|Wide Guard\n|move|p1a: Ursaluna|Headlong Rush|p2b: Ursaluna\n|-activate|p2b: Ursaluna|move: Protect\n|\n|-status|p1a: Ursaluna|brn|[from] item: Flame Orb\n|upkeep\n|turn|7\n|\n|t:|1733364939\n|move|p1b: Pelipper|Protect||[still]\n|-fail|p1b: Pelipper\n|move|p1a: Ursaluna|Protect|p1a: Ursaluna\n|-singleturn|p1a: Ursaluna|Protect\n|move|p2b: Ursaluna|Blood Moon|p1a: Ursaluna\n|-activate|p1a: Ursaluna|move: Protect\n|move|p2a: Incineroar|Knock Off|p1b: Pelipper\n|-damage|p1b: Pelipper|0 fnt\n|-enditem|p1b: Pelipper|Focus Sash|[from] move: Knock Off|[of] p2a: Incineroar\n|faint|p1b: Pelipper\n|\n|-damage|p1a: Ursaluna|95\/100 brn|[from] brn\n|upkeep\n|turn|8\n|c|\u2606OUFR snakeburger|gg wp\n|-message|OUFR snakeburger forfeited.\n|\n|win|Bloodyknuckles\n|raw|OUFR snakeburger's rating: 1703 &rarr; <strong>1683<\/strong><br \/>(-20 for losing)\n|raw|Bloodyknuckles's rating: 1702 &rarr; <strong>1722<\/strong><br \/>(+20 for winning)\n|l|\u2606OUFR snakeburger\n|player|p1|\n|l|\u2606Bloodyknuckles\n|player|p2|\n","uploadtime":1733365137,"views":9,"formatid":"gen9vgc2024regh","rating":1683,"private":0,"password":null}