{"id":"gen9vgc2024regh-2256487531","format":"[Gen 9] VGC 2024 Reg H","players":["freeeds","jayjazZa"],"log":"|j|\u2606freeeds\n|j|\u2606jayjazZa\n|t:|1733312220\n|gametype|doubles\n|player|p1|freeeds|cynthia|1737\n|player|p2|jayjazZa|266|1794\n|teamsize|p1|6\n|teamsize|p2|6\n|gen|9\n|tier|[Gen 9] VGC 2024 Reg H\n|rated|\n|rule|Species Clause: Limit one of each Pok\u00e9mon\n|rule|Item Clause: Limit 1 of each item\n|clearpoke\n|poke|p1|Milotic, L50, F|\n|poke|p1|Tyranitar, L50, F|\n|poke|p1|Talonflame, L50, M|\n|poke|p1|Garchomp, L50, F|\n|poke|p1|Amoonguss, L50, F|\n|poke|p1|Gholdengo, L50|\n|poke|p2|Dondozo, L50, M|\n|poke|p2|Tatsugiri, L50, F|\n|poke|p2|Sneasler, L50, F|\n|poke|p2|Indeedee, L50, M|\n|poke|p2|Archaludon, L50, M|\n|poke|p2|Pelipper, L50, M|\n|teampreview|4\n|inactive|Battle timer is ON: inactive players will automatically lose when time's up. (requested by jayjazZa)\n|inactive|freeeds has 60 seconds left.\n|inactive|freeeds has 30 seconds left.\n|inactive|freeeds has 20 seconds left.\n|inactive|freeeds has 15 seconds left.\n|inactive|freeeds has 10 seconds left.\n|inactive|freeeds has 5 seconds left.\n|\n|t:|1733312308\n|start\n|switch|p1a: Talonflame|Talonflame, L50, M|100\/100\n|switch|p1b: Garchomp|Garchomp, L50, F|100\/100\n|switch|p2a: Indeedee|Indeedee, L50, M|100\/100\n|switch|p2b: Sneasler|Sneasler, L50, F|100\/100\n|-fieldstart|move: Psychic Terrain|[from] ability: Psychic Surge|[of] p2a: Indeedee\n|-enditem|p2b: Sneasler|Psychic Seed\n|-boost|p2b: Sneasler|spd|1|[from] item: Psychic Seed\n|turn|1\n|\n|t:|1733312329\n|move|p1a: Talonflame|Tailwind|p1a: Talonflame\n|-sidestart|p1: freeeds|move: Tailwind\n|move|p2b: Sneasler|Close Combat|p1b: Garchomp\n|-damage|p1b: Garchomp|33\/100\n|-unboost|p2b: Sneasler|def|1\n|-unboost|p2b: Sneasler|spd|1\n|-damage|p2b: Sneasler|88\/100|[from] ability: Rough Skin|[of] p1b: Garchomp\n|move|p1b: Garchomp|Earthquake|p2a: Indeedee|[spread] p2a,p2b\n|-immune|p1a: Talonflame\n|-supereffective|p2b: Sneasler\n|-enditem|p2a: Indeedee|Focus Sash\n|-damage|p2a: Indeedee|1\/100\n|-damage|p2b: Sneasler|0 fnt\n|faint|p2b: Sneasler\n|-damage|p1b: Garchomp|23\/100|[from] item: Life Orb\n|move|p2a: Indeedee|Expanding Force|p1a: Talonflame|[spread] p1a,p1b\n|-damage|p1a: Talonflame|23\/100\n|-damage|p1b: Garchomp|0 fnt\n|faint|p1b: Garchomp\n|\n|upkeep\n|\n|t:|1733312339\n|switch|p2b: Archaludon|Archaludon, L50, M|100\/100\n|switch|p1b: Tyranitar|Tyranitar, L50, F|100\/100\n|-weather|Sandstorm|[from] ability: Sand Stream|[of] p1b: Tyranitar\n|turn|2\n|inactive|freeeds has 30 seconds left.\n|inactive|freeeds has 20 seconds left.\n|inactive|freeeds has 15 seconds left.\n|\n|t:|1733312382\n|switch|p1b: Amoonguss|Amoonguss, L50, F|100\/100\n|switch|p2a: Pelipper|Pelipper, L50, M|100\/100\n|-weather|RainDance|[from] ability: Drizzle|[of] p2a: Pelipper\n|move|p1a: Talonflame|Brave Bird|p2a: Pelipper\n|-damage|p2a: Pelipper|57\/100\n|-damage|p1a: Talonflame|8\/100|[from] Recoil\n|move|p2b: Archaludon|Electro Shot||[still]\n|-prepare|p2b: Archaludon|Electro Shot\n|-boost|p2b: Archaludon|spa|1\n|-anim|p2b: Archaludon|Electro Shot|p1a: Talonflame\n|-supereffective|p1a: Talonflame\n|-damage|p1a: Talonflame|0 fnt\n|faint|p1a: Talonflame\n|\n|-weather|RainDance|[upkeep]\n|upkeep\n|\n|t:|1733312388\n|switch|p1a: Tyranitar|Tyranitar, L50, F|100\/100\n|-weather|Sandstorm|[from] ability: Sand Stream|[of] p1a: Tyranitar\n|turn|3\n|inactive|freeeds has 30 seconds left.\n|\n|t:|1733312417\n|-terastallize|p1a: Tyranitar|Flying\n|move|p1a: Tyranitar|Rock Slide|p2b: Archaludon|[spread] p2a,p2b\n|-supereffective|p2a: Pelipper\n|-resisted|p2b: Archaludon\n|-crit|p2b: Archaludon\n|-damage|p2a: Pelipper|0 fnt\n|-damage|p2b: Archaludon|80\/100\n|-ability|p2b: Archaludon|Stamina|boost\n|-boost|p2b: Archaludon|def|1\n|faint|p2a: Pelipper\n|move|p2b: Archaludon|Draco Meteor|p1b: Amoonguss|[miss]\n|-miss|p2b: Archaludon|p1b: Amoonguss\n|move|p1b: Amoonguss|Spore|p2b: Archaludon\n|-status|p2b: Archaludon|slp|[from] move: Spore\n|\n|-weather|Sandstorm|[upkeep]\n|-damage|p1a: Tyranitar|95\/100|[from] Sandstorm\n|-damage|p1b: Amoonguss|95\/100|[from] Sandstorm\n|upkeep\n|\n|t:|1733312428\n|switch|p2a: Indeedee|Indeedee, L50, M|1\/100\n|turn|4\n|\n|t:|1733312446\n|move|p1a: Tyranitar|Knock Off|p2a: Indeedee\n|-supereffective|p2a: Indeedee\n|-damage|p2a: Indeedee|0 fnt\n|faint|p2a: Indeedee\n|cant|p2b: Archaludon|slp\n|move|p1b: Amoonguss|Pollen Puff|p1a: Tyranitar\n|-heal|p1a: Tyranitar|100\/100\n|\n|-weather|Sandstorm|[upkeep]\n|-damage|p1a: Tyranitar|95\/100|[from] Sandstorm\n|-damage|p1b: Amoonguss|89\/100|[from] Sandstorm\n|-sideend|p1: freeeds|move: Tailwind\n|upkeep\n|turn|5\n|\n|t:|1733312461\n|cant|p2b: Archaludon|slp\n|move|p1a: Tyranitar|Low Kick|p2b: Archaludon\n|-supereffective|p2b: Archaludon\n|-damage|p2b: Archaludon|47\/100 slp\n|-ability|p2b: Archaludon|Stamina|boost\n|-boost|p2b: Archaludon|def|1\n|move|p1b: Amoonguss|Pollen Puff|p1a: Tyranitar\n|-heal|p1a: Tyranitar|100\/100\n|\n|-weather|Sandstorm|[upkeep]\n|-damage|p1a: Tyranitar|95\/100|[from] Sandstorm\n|-damage|p1b: Amoonguss|83\/100|[from] Sandstorm\n|-fieldend|move: Psychic Terrain\n|upkeep\n|turn|6\n|\n|t:|1733312476\n|move|p1b: Amoonguss|Rage Powder|p1b: Amoonguss\n|-singleturn|p1b: Amoonguss|move: Rage Powder\n|cant|p2b: Archaludon|slp\n|move|p1a: Tyranitar|Low Kick|p2b: Archaludon\n|-supereffective|p2b: Archaludon\n|-damage|p2b: Archaludon|19\/100 slp\n|-ability|p2b: Archaludon|Stamina|boost\n|-boost|p2b: Archaludon|def|1\n|\n|-weather|Sandstorm|[upkeep]\n|-damage|p1a: Tyranitar|89\/100|[from] Sandstorm\n|-damage|p1b: Amoonguss|77\/100|[from] Sandstorm\n|upkeep\n|turn|7\n|-message|jayjazZa forfeited.\n|\n|win|freeeds\n|raw|freeeds's rating: 1737 &rarr; <strong>1760<\/strong><br \/>(+23 for winning)\n|raw|jayjazZa's rating: 1794 &rarr; <strong>1771<\/strong><br \/>(-23 for losing)\n|l|\u2606jayjazZa\n|player|p2|\n|l|\u2606freeeds\n|player|p1|\n","uploadtime":1733312748,"views":19,"formatid":"gen9vgc2024regh","rating":1760,"private":0,"password":null}