{"id":"gen9vgc2024regh-2256663698","format":"[Gen 9] VGC 2024 Reg H","players":["RagingPro","IsabellaPasquale"],"log":"|j|\u2606RagingPro\n|j|\u2606IsabellaPasquale\n|t:|1733332348\n|gametype|doubles\n|player|p1|RagingPro|1|1717\n|player|p2|IsabellaPasquale|gentleman-gen1|1790\n|teamsize|p1|6\n|teamsize|p2|6\n|gen|9\n|tier|[Gen 9] VGC 2024 Reg H\n|rated|\n|rule|Species Clause: Limit one of each Pok\u00e9mon\n|rule|Item Clause: Limit 1 of each item\n|clearpoke\n|poke|p1|Ninetales-Alola, L50, M|\n|poke|p1|Ursaluna-Bloodmoon, L50, M|\n|poke|p1|Dragonite, L50, F|\n|poke|p1|Gholdengo, L50|\n|poke|p1|Incineroar, L50, M|\n|poke|p1|Amoonguss, L50, F|\n|poke|p2|Electabuzz, L50, M|\n|poke|p2|Archaludon, L50, M|\n|poke|p2|Ninetales-Alola, L50, F|\n|poke|p2|Rillaboom, L50, F|\n|poke|p2|Armarouge, L50, F|\n|poke|p2|Ursaluna-Bloodmoon, L50, M|\n|teampreview|4\n|inactive|Battle timer is ON: inactive players will automatically lose when time's up. (requested by IsabellaPasquale)\n|inactive|IsabellaPasquale has 60 seconds left.\n|inactive|IsabellaPasquale has 30 seconds left.\n|inactive|IsabellaPasquale has 20 seconds left.\n|inactive|IsabellaPasquale has 15 seconds left.\n|\n|t:|1733332440\n|start\n|switch|p1a: Ninetales|Ninetales-Alola, L50, M|100\/100\n|switch|p1b: Ursaluna|Ursaluna-Bloodmoon, L50, M|100\/100\n|switch|p2a: Ninetales|Ninetales-Alola, L50, F|100\/100\n|switch|p2b: Archaludon|Archaludon, L50, M|100\/100\n|-weather|Snow|[from] ability: Snow Warning|[of] p1a: Ninetales\n|turn|1\n|\n|t:|1733332464\n|-terastallize|p2b: Archaludon|Electric\n|-terastallize|p1b: Ursaluna|Bug\n|move|p1a: Ninetales|Blizzard|p2b: Archaludon|[spread] p2a,p2b\n|-resisted|p2a: Ninetales\n|-damage|p2a: Ninetales|80\/100\n|-damage|p2b: Archaludon|44\/100\n|-ability|p2b: Archaludon|Stamina|boost\n|-boost|p2b: Archaludon|def|1\n|move|p2a: Ninetales|Icy Wind|p1b: Ursaluna|[spread] p1a,p1b\n|-resisted|p1a: Ninetales\n|-damage|p1a: Ninetales|91\/100\n|-damage|p1b: Ursaluna|87\/100\n|-unboost|p1a: Ninetales|spe|1\n|-unboost|p1b: Ursaluna|spe|1\n|move|p2b: Archaludon|Electro Shot||[still]\n|-prepare|p2b: Archaludon|Electro Shot\n|-boost|p2b: Archaludon|spa|1\n|-enditem|p2b: Archaludon|Power Herb\n|-anim|p2b: Archaludon|Electro Shot|p1a: Ninetales\n|-damage|p1a: Ninetales|0 fnt\n|faint|p1a: Ninetales\n|move|p1b: Ursaluna|Earth Power|p2b: Archaludon\n|-supereffective|p2b: Archaludon\n|-damage|p2b: Archaludon|0 fnt\n|faint|p2b: Archaludon\n|\n|-weather|Snow|[upkeep]\n|upkeep\n|\n|t:|1733332486\n|switch|p2b: Ursaluna|Ursaluna-Bloodmoon, L50, M|100\/100\n|switch|p1a: Gholdengo|Gholdengo, L50|100\/100\n|turn|2\n|inactive|IsabellaPasquale has 30 seconds left.\n|\n|t:|1733332515\n|move|p1a: Gholdengo|Protect|p1a: Gholdengo\n|-singleturn|p1a: Gholdengo|Protect\n|move|p2a: Ninetales|Icy Wind|p1a: Gholdengo|[spread] \n|-activate|p1a: Gholdengo|move: Protect\n|-miss|p2a: Ninetales|p1b: Ursaluna\n|move|p2b: Ursaluna|Earth Power|p1a: Gholdengo\n|-activate|p1a: Gholdengo|move: Protect\n|move|p1b: Ursaluna|Hyper Voice|p2a: Ninetales|[spread] p2a,p2b\n|-damage|p2a: Ninetales|38\/100\n|-damage|p2b: Ursaluna|49\/100\n|\n|-weather|Snow|[upkeep]\n|upkeep\n|turn|3\n|inactive|RagingPro has 30 seconds left.\n|inactive|IsabellaPasquale has 30 seconds left.\n|\n|t:|1733332547\n|switch|p1a: Incineroar|Incineroar, L50, M|100\/100\n|-ability|p1a: Incineroar|Intimidate|boost\n|-unboost|p2a: Ninetales|atk|1\n|-unboost|p2b: Ursaluna|atk|1\n|move|p2a: Ninetales|Blizzard|p1b: Ursaluna|[spread] p1a,p1b\n|-resisted|p1a: Incineroar\n|-damage|p1a: Incineroar|86\/100\n|-damage|p1b: Ursaluna|62\/100\n|move|p2b: Ursaluna|Blood Moon|p1b: Ursaluna\n|-damage|p1b: Ursaluna|0 fnt\n|faint|p1b: Ursaluna\n|-damage|p2b: Ursaluna|40\/100|[from] item: Life Orb\n|\n|-weather|Snow|[upkeep]\n|upkeep\n|\n|t:|1733332555\n|switch|p1b: Gholdengo|Gholdengo, L50|100\/100\n|turn|4\n|inactive|RagingPro has 30 seconds left.\n|inactive|IsabellaPasquale has 30 seconds left.\n|inactive|RagingPro has 20 seconds left.\n|j| kyo9t\n|inactive|RagingPro has 15 seconds left.\n|inactive|IsabellaPasquale has 20 seconds left.\n|\n|t:|1733332599\n|move|p2b: Ursaluna|Protect|p2b: Ursaluna\n|-singleturn|p2b: Ursaluna|Protect\n|move|p1a: Incineroar|Fake Out|p2a: Ninetales\n|-damage|p2a: Ninetales|25\/100\n|move|p2a: Ninetales|Icy Wind|p1a: Incineroar|[spread] p1a,p1b\n|-resisted|p1a: Incineroar\n|-resisted|p1b: Gholdengo\n|-damage|p1a: Incineroar|79\/100\n|-damage|p1b: Gholdengo|93\/100\n|-unboost|p1a: Incineroar|spe|1\n|-unboost|p1b: Gholdengo|spe|1\n|move|p1b: Gholdengo|Nasty Plot|p1b: Gholdengo\n|-boost|p1b: Gholdengo|spa|2\n|\n|-weather|Snow|[upkeep]\n|-heal|p1b: Gholdengo|98\/100|[from] item: Leftovers\n|upkeep\n|turn|5\n|c|\u2606IsabellaPasquale|gg\n|\n|t:|1733332618\n|move|p1b: Gholdengo|Protect|p1b: Gholdengo\n|-singleturn|p1b: Gholdengo|Protect\n|move|p2a: Ninetales|Encore|p1a: Incineroar\n|-start|p1a: Incineroar|Encore\n|move|p2b: Ursaluna|Earth Power|p1b: Gholdengo\n|-activate|p1b: Gholdengo|move: Protect\n|move|p1a: Incineroar|Fake Out||[still]\n|-hint|Fake Out only works on your first turn out.\n|-fail|p1a: Incineroar\n|\n|-weather|none\n|-heal|p1b: Gholdengo|100\/100|[from] item: Leftovers\n|upkeep\n|turn|6\n|\n|t:|1733332631\n|move|p1a: Incineroar|Fake Out||[still]\n|-hint|Fake Out only works on your first turn out.\n|-fail|p1a: Incineroar\n|move|p2a: Ninetales|Icy Wind|p1b: Gholdengo|[spread] p1a,p1b\n|-resisted|p1a: Incineroar\n|-resisted|p1b: Gholdengo\n|-damage|p1a: Incineroar|72\/100\n|-damage|p1b: Gholdengo|93\/100\n|-unboost|p1a: Incineroar|spe|1\n|-unboost|p1b: Gholdengo|spe|1\n|move|p2b: Ursaluna|Earth Power|p1b: Gholdengo\n|-supereffective|p1b: Gholdengo\n|-damage|p1b: Gholdengo|0 fnt\n|faint|p1b: Gholdengo\n|-damage|p2b: Ursaluna|30\/100|[from] item: Life Orb\n|\n|upkeep\n|turn|7\n|\n|t:|1733332639\n|move|p1a: Incineroar|Fake Out||[still]\n|-hint|Fake Out only works on your first turn out.\n|-fail|p1a: Incineroar\n|move|p2a: Ninetales|Blizzard|p1a: Incineroar\n|-resisted|p1a: Incineroar\n|-damage|p1a: Incineroar|55\/100\n|move|p2b: Ursaluna|Hyper Voice|p1a: Incineroar\n|-damage|p1a: Incineroar|2\/100\n|-damage|p2b: Ursaluna|21\/100|[from] item: Life Orb\n|\n|-end|p1a: Incineroar|Encore\n|upkeep\n|turn|8\n|\n|t:|1733332649\n|move|p2a: Ninetales|Encore|p1a: Incineroar\n|-start|p1a: Incineroar|Encore\n|move|p2b: Ursaluna|Blood Moon|p1a: Incineroar\n|-damage|p1a: Incineroar|0 fnt\n|faint|p1a: Incineroar\n|-damage|p2b: Ursaluna|11\/100|[from] item: Life Orb\n|\n|win|IsabellaPasquale\n|raw|RagingPro's rating: 1717 &rarr; <strong>1701<\/strong><br \/>(-16 for losing)\n|raw|IsabellaPasquale's rating: 1790 &rarr; <strong>1806<\/strong><br \/>(+16 for winning)\n|l|\u2606RagingPro\n|player|p1|\n|l| kyo9t\n","uploadtime":1733332869,"views":11,"formatid":"gen9vgc2024regh","rating":1701,"private":0,"password":null}