{"id":"gen9vgc2024regh-2256597567","format":"[Gen 9] VGC 2024 Reg H","players":["greenlightdmp","IsabellaPasquale"],"log":"|j|\u2606greenlightdmp\n|j|\u2606IsabellaPasquale\n|t:|1733325918\n|gametype|doubles\n|player|p1|greenlightdmp|2|1681\n|player|p2|IsabellaPasquale|gentleman-gen1|1853\n|teamsize|p1|6\n|teamsize|p2|6\n|gen|9\n|tier|[Gen 9] VGC 2024 Reg H\n|rated|\n|rule|Species Clause: Limit one of each Pok\u00e9mon\n|rule|Item Clause: Limit 1 of each item\n|clearpoke\n|poke|p1|Pelipper, L50, M|\n|poke|p1|Archaludon, L50, F|\n|poke|p1|Sneasler, L50, F|\n|poke|p1|Dragonite, L50, M|\n|poke|p1|Basculegion, L50, M|\n|poke|p1|Rillaboom, L50, F|\n|poke|p2|Electabuzz, L50, F|\n|poke|p2|Archaludon, L50, M|\n|poke|p2|Ninetales-Alola, L50, M|\n|poke|p2|Rillaboom, L50, M|\n|poke|p2|Armarouge, L50, M|\n|poke|p2|Ursaluna-Bloodmoon, L50, M|\n|teampreview|4\n|\n|t:|1733325969\n|start\n|switch|p1a: Ceasar|Rillaboom, L50, F|100\/100\n|switch|p1b: Hermes|Sneasler, L50, F|100\/100\n|switch|p2a: Rillaboom|Rillaboom, L50, M|100\/100\n|switch|p2b: Archaludon|Archaludon, L50, M|100\/100\n|-fieldstart|move: Grassy Terrain|[from] ability: Grassy Surge|[of] p1a: Ceasar\n|-enditem|p1b: Hermes|Grassy Seed\n|-boost|p1b: Hermes|def|1|[from] item: Grassy Seed\n|turn|1\n|\n|t:|1733326001\n|move|p1a: Ceasar|Fake Out|p2a: Rillaboom\n|-damage|p2a: Rillaboom|89\/100\n|cant|p2a: Rillaboom|flinch\n|move|p1b: Hermes|Dire Claw|p2a: Rillaboom\n|-supereffective|p2a: Rillaboom\n|-damage|p2a: Rillaboom|9\/100\n|move|p2b: Archaludon|Electro Shot||[still]\n|-prepare|p2b: Archaludon|Electro Shot\n|-boost|p2b: Archaludon|spa|1\n|-enditem|p2b: Archaludon|Power Herb\n|-anim|p2b: Archaludon|Electro Shot|p1b: Hermes\n|-damage|p1b: Hermes|4\/100\n|\n|-heal|p1b: Hermes|10\/100|[from] Grassy Terrain\n|-heal|p2a: Rillaboom|15\/100|[from] Grassy Terrain\n|upkeep\n|turn|2\n|l|\u2606greenlightdmp\n|player|p1|\n|inactive|Battle timer is ON: inactive players will automatically lose when time's up. (requested by IsabellaPasquale)\n|j|\u2606greenlightdmp\n|inactive|greenlightdmp reconnected.\n|player|p1|greenlightdmp|2|\n|\n|t:|1733326061\n|-terastallize|p2b: Archaludon|Electric\n|move|p1b: Hermes|Protect|p1b: Hermes\n|-singleturn|p1b: Hermes|Protect\n|move|p1a: Ceasar|Grassy Glide|p2a: Rillaboom\n|-resisted|p2a: Rillaboom\n|-crit|p2a: Rillaboom\n|-damage|p2a: Rillaboom|0 fnt\n|faint|p2a: Rillaboom\n|move|p2b: Archaludon|Dragon Pulse|p1b: Hermes\n|-activate|p1b: Hermes|move: Protect\n|\n|-heal|p1b: Hermes|16\/100|[from] Grassy Terrain\n|upkeep\n|\n|t:|1733326074\n|switch|p2a: Ursaluna|Ursaluna-Bloodmoon, L50, M|100\/100\n|turn|3\n|\n|t:|1733326085\n|move|p2a: Ursaluna|Protect|p2a: Ursaluna\n|-singleturn|p2a: Ursaluna|Protect\n|move|p1b: Hermes|Dire Claw|p2b: Archaludon\n|-damage|p2b: Archaludon|64\/100\n|-status|p2b: Archaludon|psn\n|-ability|p2b: Archaludon|Stamina|boost\n|-boost|p2b: Archaludon|def|1\n|move|p2b: Archaludon|Dragon Pulse|p1b: Hermes\n|-damage|p1b: Hermes|0 fnt\n|faint|p1b: Hermes\n|move|p1a: Ceasar|Bullet Seed|p2a: Ursaluna\n|-activate|p2a: Ursaluna|move: Protect\n|\n|-heal|p2b: Archaludon|70\/100 psn|[from] Grassy Terrain\n|-damage|p2b: Archaludon|58\/100 psn|[from] psn\n|upkeep\n|\n|t:|1733326096\n|switch|p1b: Hephetus|Archaludon, L50, F|100\/100\n|turn|4\n|inactive|IsabellaPasquale has 30 seconds left.\n|inactive|IsabellaPasquale has 20 seconds left.\n|inactive|IsabellaPasquale has 15 seconds left.\n|inactive|IsabellaPasquale has 10 seconds left.\n|inactive|IsabellaPasquale has 5 seconds left.\n|\n|t:|1733326147\n|switch|p2a: Ninetales|Ninetales-Alola, L50, M|100\/100\n|-weather|Snow|[from] ability: Snow Warning|[of] p2a: Ninetales\n|move|p2b: Archaludon|Dragon Pulse|p1b: Hephetus\n|-damage|p1b: Hephetus|47\/100\n|-ability|p1b: Hephetus|Stamina|boost\n|-boost|p1b: Hephetus|def|1\n|move|p1a: Ceasar|Bullet Seed|p2a: Ninetales\n|-damage|p2a: Ninetales|84\/100\n|-damage|p2a: Ninetales|68\/100\n|-damage|p2a: Ninetales|51\/100\n|-damage|p2a: Ninetales|35\/100\n|-hitcount|p2a: Ninetales|4\n|move|p1b: Hephetus|Draco Meteor|p2b: Archaludon\n|-damage|p2b: Archaludon|0 fnt\n|-unboost|p1b: Hephetus|spa|2\n|faint|p2b: Archaludon\n|\n|-weather|Snow|[upkeep]\n|-heal|p2a: Ninetales|41\/100|[from] Grassy Terrain\n|-heal|p1b: Hephetus|53\/100|[from] Grassy Terrain\n|upkeep\n|\n|t:|1733326163\n|switch|p2b: Ursaluna|Ursaluna-Bloodmoon, L50, M|100\/100\n|turn|5\n|inactive|greenlightdmp has 30 seconds left.\n|inactive|greenlightdmp has 20 seconds left.\n|\n|t:|1733326199\n|switch|p1b: Posiden|Pelipper, L50, M|100\/100\n|-weather|RainDance|[from] ability: Drizzle|[of] p1b: Posiden\n|-terastallize|p1a: Ceasar|Fire\n|move|p1a: Ceasar|Grassy Glide|p2a: Ninetales\n|-damage|p2a: Ninetales|0 fnt\n|faint|p2a: Ninetales\n|move|p2b: Ursaluna|Blood Moon|p1a: Ceasar\n|-damage|p1a: Ceasar|0 fnt\n|faint|p1a: Ceasar\n|-damage|p2b: Ursaluna|91\/100|[from] item: Life Orb\n|\n|-weather|RainDance|[upkeep]\n|-heal|p2b: Ursaluna|97\/100|[from] Grassy Terrain\n|-fieldend|move: Grassy Terrain\n|upkeep\n|\n|t:|1733326211\n|switch|p1a: Hephetus|Archaludon, L50, F|53\/100\n|turn|6\n|\n|t:|1733326230\n|move|p1b: Posiden|Tailwind|p1b: Posiden\n|-sidestart|p1: greenlightdmp|move: Tailwind\n|move|p1a: Hephetus|Draco Meteor|p2b: Ursaluna\n|-damage|p2b: Ursaluna|2\/100\n|-unboost|p1a: Hephetus|spa|2\n|move|p2b: Ursaluna|Earth Power|p1a: Hephetus\n|-supereffective|p1a: Hephetus\n|-damage|p1a: Hephetus|0 fnt\n|faint|p1a: Hephetus\n|-damage|p2b: Ursaluna|0 fnt|[from] item: Life Orb\n|faint|p2b: Ursaluna\n|\n|win|greenlightdmp\n|raw|greenlightdmp's rating: 1681 &rarr; <strong>1710<\/strong><br \/>(+29 for winning)\n|raw|IsabellaPasquale's rating: 1853 &rarr; <strong>1824<\/strong><br \/>(-29 for losing)\n|l|\u2606IsabellaPasquale\n|player|p2|\n","uploadtime":1733326249,"views":13,"formatid":"gen9vgc2024regh","rating":1710,"private":0,"password":null}