{"id":"gen9vgc2024regh-2256670735","format":"[Gen 9] VGC 2024 Reg H","players":["RagingPro","Djjwjwwjj"],"log":"|j|\u2606RagingPro\n|j|\u2606Djjwjwwjj\n|t:|1733333012\n|gametype|doubles\n|player|p1|RagingPro|1|1711\n|player|p2|Djjwjwwjj|265|1756\n|teamsize|p1|6\n|teamsize|p2|6\n|gen|9\n|tier|[Gen 9] VGC 2024 Reg H\n|rated|\n|rule|Species Clause: Limit one of each Pok\u00e9mon\n|rule|Item Clause: Limit 1 of each item\n|clearpoke\n|poke|p1|Ninetales-Alola, L50, M|\n|poke|p1|Ursaluna-Bloodmoon, L50, M|\n|poke|p1|Dragonite, L50, F|\n|poke|p1|Gholdengo, L50|\n|poke|p1|Incineroar, L50, F|\n|poke|p1|Amoonguss, L50, F|\n|poke|p2|Palafin, L50, M|\n|poke|p2|Rillaboom, L50, M|\n|poke|p2|Pelipper, L50, M|\n|poke|p2|Electabuzz, L50, F|\n|poke|p2|Gholdengo, L50|\n|poke|p2|Incineroar, L50, F|\n|teampreview|4\n|inactive|Battle timer is ON: inactive players will automatically lose when time's up. (requested by Djjwjwwjj)\n|j| kyo9t\n|inactive|RagingPro has 60 seconds left.\n|\n|t:|1733333048\n|start\n|switch|p1a: Gholdengo|Gholdengo, L50|100\/100\n|switch|p1b: Amoonguss|Amoonguss, L50, F, shiny|100\/100\n|switch|p2a: Gholdengo|Gholdengo, L50|100\/100\n|switch|p2b: Electabuzz|Electabuzz, L50, F|100\/100\n|turn|1\n|l|\u2606Djjwjwwjj\n|inactive|Djjwjwwjj disconnected and has a minute to reconnect!\n|player|p2|\n|j|\u2606Djjwjwwjj\n|inactive|Djjwjwwjj reconnected and has 45 seconds left.\n|player|p2|Djjwjwwjj|265|\n|inactive|Djjwjwwjj has 30 seconds left.\n|inactive|Djjwjwwjj has 20 seconds left.\n|\n|t:|1733333085\n|move|p1b: Amoonguss|Rage Powder|p1b: Amoonguss\n|-singleturn|p1b: Amoonguss|move: Rage Powder\n|move|p2b: Electabuzz|Light Screen|p2b: Electabuzz\n|-sidestart|p2: Djjwjwwjj|move: Light Screen\n|move|p1a: Gholdengo|Nasty Plot|p1a: Gholdengo\n|-boost|p1a: Gholdengo|spa|2\n|move|p2a: Gholdengo|Nasty Plot|p2a: Gholdengo\n|-boost|p2a: Gholdengo|spa|2\n|\n|upkeep\n|turn|2\n|\n|t:|1733333100\n|-terastallize|p2a: Gholdengo|Dragon\n|move|p1b: Amoonguss|Rage Powder|p1b: Amoonguss\n|-singleturn|p1b: Amoonguss|move: Rage Powder\n|move|p2b: Electabuzz|Electroweb|p1b: Amoonguss|[spread] p1a,p1b\n|-resisted|p1b: Amoonguss\n|-damage|p1a: Gholdengo|86\/100\n|-damage|p1b: Amoonguss|95\/100\n|-unboost|p1a: Gholdengo|spe|1\n|move|p2a: Gholdengo|Nasty Plot|p2a: Gholdengo\n|-boost|p2a: Gholdengo|spa|2\n|move|p1a: Gholdengo|Shadow Ball|p2a: Gholdengo\n|-damage|p2a: Gholdengo|52\/100\n|\n|-heal|p1a: Gholdengo|92\/100|[from] item: Leftovers\n|upkeep\n|turn|3\n|inactive|Djjwjwwjj has 30 seconds left.\n|inactive|Djjwjwwjj has 20 seconds left.\n|inactive|RagingPro has 30 seconds left.\n|inactive|Djjwjwwjj has 15 seconds left.\n|\n|t:|1733333143\n|move|p1b: Amoonguss|Rage Powder|p1b: Amoonguss\n|-singleturn|p1b: Amoonguss|move: Rage Powder\n|move|p2b: Electabuzz|Electroweb|p1a: Gholdengo|[spread] p1a,p1b\n|-resisted|p1b: Amoonguss\n|-damage|p1a: Gholdengo|79\/100\n|-damage|p1b: Amoonguss|89\/100\n|-unboost|p1a: Gholdengo|spe|1\n|move|p2a: Gholdengo|Make It Rain|p1b: Amoonguss|[spread] p1a,p1b\n|-resisted|p1a: Gholdengo\n|-damage|p1a: Gholdengo|15\/100\n|-damage|p1b: Amoonguss|0 fnt\n|-unboost|p2a: Gholdengo|spa|1\n|faint|p1b: Amoonguss\n|move|p1a: Gholdengo|Make It Rain|p2b: Electabuzz|[spread] p2a,p2b\n|-resisted|p2b: Electabuzz\n|-damage|p2a: Gholdengo|0 fnt\n|-damage|p2b: Electabuzz|80\/100\n|-unboost|p1a: Gholdengo|spa|1\n|faint|p2a: Gholdengo\n|\n|-heal|p1a: Gholdengo|20\/100|[from] item: Leftovers\n|upkeep\n|inactive|RagingPro has 30 seconds left.\n|inactive|RagingPro has 20 seconds left.\n|\n|t:|1733333182\n|switch|p2a: Incineroar|Incineroar, L50, F|100\/100\n|switch|p1b: Ninetales|Ninetales-Alola, L50, M|100\/100\n|-weather|Snow|[from] ability: Snow Warning|[of] p1b: Ninetales\n|-ability|p2a: Incineroar|Intimidate|boost\n|-unboost|p1a: Gholdengo|atk|1\n|-unboost|p1b: Ninetales|atk|1\n|turn|4\n|inactive|RagingPro has 30 seconds left.\n|\n|t:|1733333208\n|move|p1a: Gholdengo|Protect|p1a: Gholdengo\n|-singleturn|p1a: Gholdengo|Protect\n|move|p1b: Ninetales|Aurora Veil|p1b: Ninetales\n|-sidestart|p1: RagingPro|move: Aurora Veil\n|move|p2b: Electabuzz|Electroweb|p1a: Gholdengo|[spread] p1b\n|-activate|p1a: Gholdengo|move: Protect\n|-crit|p1b: Ninetales\n|-damage|p1b: Ninetales|77\/100\n|-unboost|p1b: Ninetales|spe|1\n|move|p2a: Incineroar|Flare Blitz|p1b: Ninetales\n|-supereffective|p1b: Ninetales\n|-damage|p1b: Ninetales|12\/100\n|-status|p1b: Ninetales|brn\n|-damage|p2a: Incineroar|83\/100|[from] Recoil\n|\n|-weather|Snow|[upkeep]\n|-heal|p1a: Gholdengo|26\/100|[from] item: Leftovers\n|-damage|p1b: Ninetales|5\/100 brn|[from] brn\n|upkeep\n|turn|5\n|inactive|RagingPro has 30 seconds left.\n|inactive|RagingPro has 20 seconds left.\n|\n|t:|1733333244\n|switch|p1a: Dragonite|Dragonite, L50, F|100\/100\n|move|p2b: Electabuzz|Electroweb|p1b: Ninetales|[spread] p1b\n|-miss|p2b: Electabuzz|p1a: Dragonite\n|-damage|p1b: Ninetales|0 fnt\n|faint|p1b: Ninetales\n|move|p2a: Incineroar|Knock Off|p1a: Dragonite\n|-damage|p1a: Dragonite|84\/100\n|-enditem|p1a: Dragonite|Loaded Dice|[from] move: Knock Off|[of] p2a: Incineroar\n|\n|-weather|Snow|[upkeep]\n|-sideend|p2: Djjwjwwjj|move: Light Screen\n|upkeep\n|\n|t:|1733333246\n|switch|p1b: Gholdengo|Gholdengo, L50|26\/100\n|turn|6\n|inactive|Djjwjwwjj has 30 seconds left.\n|inactive|Djjwjwwjj has 20 seconds left.\n|\n|t:|1733333286\n|move|p1b: Gholdengo|Protect|p1b: Gholdengo\n|-singleturn|p1b: Gholdengo|Protect\n|move|p2b: Electabuzz|Electroweb|p1a: Dragonite|[spread] p1a\n|-activate|p1b: Gholdengo|move: Protect\n|-damage|p1a: Dragonite|75\/100\n|-unboost|p1a: Dragonite|spe|1\n|move|p2a: Incineroar|Knock Off|p1a: Dragonite\n|-damage|p1a: Dragonite|52\/100\n|move|p1a: Dragonite|Scale Shot|p2a: Incineroar\n|-damage|p2a: Incineroar|69\/100\n|-damage|p2a: Incineroar|54\/100\n|-damage|p2a: Incineroar|41\/100\n|-damage|p2a: Incineroar|27\/100\n|-damage|p2a: Incineroar|14\/100\n|-hitcount|p2a: Incineroar|5\n|-unboost|p1a: Dragonite|def|1\n|-boost|p1a: Dragonite|spe|1\n|-enditem|p2a: Incineroar|Mirror Herb\n|-boost|p2a: Incineroar|spe|1|[from] item: Mirror Herb\n|\n|-weather|Snow|[upkeep]\n|-heal|p1b: Gholdengo|32\/100|[from] item: Leftovers\n|upkeep\n|turn|7\n|inactive|Djjwjwwjj has 30 seconds left.\n|inactive|Djjwjwwjj has 20 seconds left.\n|\n|t:|1733333326\n|move|p2b: Electabuzz|Protect|p2b: Electabuzz\n|-singleturn|p2b: Electabuzz|Protect\n|move|p1a: Dragonite|Extreme Speed|p2a: Incineroar\n|-damage|p2a: Incineroar|0 fnt\n|faint|p2a: Incineroar\n|move|p1b: Gholdengo|Shadow Ball|p2b: Electabuzz\n|-activate|p2b: Electabuzz|move: Protect\n|\n|-weather|Snow|[upkeep]\n|-heal|p1b: Gholdengo|38\/100|[from] item: Leftovers\n|upkeep\n|\n|t:|1733333338\n|switch|p2a: Pelipper|Pelipper, L50, M|100\/100\n|-weather|RainDance|[from] ability: Drizzle|[of] p2a: Pelipper\n|turn|8\n|inactive|RagingPro has 30 seconds left.\n|inactive|RagingPro has 20 seconds left.\n|\n|t:|1733333379\n|move|p2a: Pelipper|Ice Beam|p1a: Dragonite\n|-supereffective|p1a: Dragonite\n|-damage|p1a: Dragonite|0 fnt\n|faint|p1a: Dragonite\n|move|p2b: Electabuzz|Light Screen|p2b: Electabuzz\n|-sidestart|p2: Djjwjwwjj|move: Light Screen\n|move|p1b: Gholdengo|Shadow Ball|p2b: Electabuzz\n|-damage|p2b: Electabuzz|61\/100\n|-unboost|p2b: Electabuzz|spd|1\n|\n|-weather|RainDance|[upkeep]\n|-heal|p1b: Gholdengo|43\/100|[from] item: Leftovers\n|-sideend|p1: RagingPro|move: Aurora Veil\n|upkeep\n|turn|9\n|\n|t:|1733333393\n|move|p1b: Gholdengo|Protect|p1b: Gholdengo\n|-singleturn|p1b: Gholdengo|Protect\n|move|p2a: Pelipper|Ice Beam|p1b: Gholdengo\n|-activate|p1b: Gholdengo|move: Protect\n|move|p2b: Electabuzz|Electroweb|p1b: Gholdengo\n|-activate|p1b: Gholdengo|move: Protect\n|\n|-weather|RainDance|[upkeep]\n|-heal|p1b: Gholdengo|49\/100|[from] item: Leftovers\n|upkeep\n|turn|10\n|\n|t:|1733333407\n|move|p2a: Pelipper|Ice Beam|p1b: Gholdengo\n|-resisted|p1b: Gholdengo\n|-damage|p1b: Gholdengo|37\/100\n|move|p2b: Electabuzz|Electroweb|p1b: Gholdengo\n|-damage|p1b: Gholdengo|20\/100\n|-unboost|p1b: Gholdengo|spe|1\n|move|p1b: Gholdengo|Nasty Plot|p1b: Gholdengo\n|-boost|p1b: Gholdengo|spa|2\n|\n|-weather|RainDance|[upkeep]\n|-heal|p1b: Gholdengo|26\/100|[from] item: Leftovers\n|upkeep\n|turn|11\n|\n|t:|1733333421\n|move|p1b: Gholdengo|Protect|p1b: Gholdengo\n|-singleturn|p1b: Gholdengo|Protect\n|move|p2a: Pelipper|Ice Beam|p1b: Gholdengo\n|-activate|p1b: Gholdengo|move: Protect\n|move|p2b: Electabuzz|Electroweb|p1b: Gholdengo\n|-activate|p1b: Gholdengo|move: Protect\n|\n|-weather|RainDance|[upkeep]\n|-heal|p1b: Gholdengo|31\/100|[from] item: Leftovers\n|upkeep\n|turn|12\n|inactive|RagingPro has 30 seconds left.\n|\n|t:|1733333455\n|move|p2a: Pelipper|Ice Beam|p1b: Gholdengo\n|-resisted|p1b: Gholdengo\n|-damage|p1b: Gholdengo|20\/100\n|move|p2b: Electabuzz|Electroweb|p1b: Gholdengo\n|-damage|p1b: Gholdengo|0 fnt\n|faint|p1b: Gholdengo\n|\n|win|Djjwjwwjj\n|raw|RagingPro's rating: 1711 &rarr; <strong>1694<\/strong><br \/>(-17 for losing)\n|raw|Djjwjwwjj's rating: 1756 &rarr; <strong>1773<\/strong><br \/>(+17 for winning)\n|l|\u2606RagingPro\n|player|p1|\n|l|\u2606Djjwjwwjj\n|player|p2|\n|l| kyo9t\n","uploadtime":1733333699,"views":30,"formatid":"gen9vgc2024regh","rating":1694,"private":0,"password":null}