{"id":"gen9vgc2024regh-2256785743","format":"[Gen 9] VGC 2024 Reg H","players":["hella_faerie37","insertable194"],"log":"|j|\u2606hella_faerie37\n|j|\u2606insertable194\n|t:|1733344002\n|gametype|doubles\n|player|p1|hella_faerie37|hoopster|1696\n|player|p2|insertable194|hanbei-conquest|1741\n|teamsize|p1|6\n|teamsize|p2|6\n|gen|9\n|tier|[Gen 9] VGC 2024 Reg H\n|rated|\n|rule|Species Clause: Limit one of each Pok\u00e9mon\n|rule|Item Clause: Limit 1 of each item\n|clearpoke\n|poke|p1|Delphox, L50, F|\n|poke|p1|Indeedee-F, L50, F|\n|poke|p1|Sneasler, L50, M|\n|poke|p1|Garchomp, L50, M|\n|poke|p1|Milotic, L50, M|\n|poke|p1|Ninetales-Alola, L50, M|\n|poke|p2|Smeargle, L50, F|\n|poke|p2|Farigiraf, L50, F|\n|poke|p2|Archaludon, L50, F|\n|poke|p2|Torkoal, L50, F|\n|poke|p2|Ursaluna-Bloodmoon, L50, M|\n|poke|p2|Annihilape, L50, F|\n|teampreview|4\n|\n|t:|1733344018\n|start\n|switch|p1a: Delphox|Delphox, L50, F|100\/100\n|switch|p1b: Indeedee|Indeedee-F, L50, F|100\/100\n|switch|p2a: Archaludon|Archaludon, L50, F|100\/100\n|switch|p2b: Farigiraf|Farigiraf, L50, F|100\/100\n|-fieldstart|move: Psychic Terrain|[from] ability: Psychic Surge|[of] p1b: Indeedee\n|turn|1\n|\n|t:|1733344042\n|move|p1a: Delphox|Expanding Force|p2a: Archaludon|[spread] p2a,p2b\n|-resisted|p2a: Archaludon\n|-resisted|p2b: Farigiraf\n|-damage|p2a: Archaludon|43\/100\n|-damage|p2b: Farigiraf|57\/100\n|move|p1b: Indeedee|Imprison|p1b: Indeedee\n|-start|p1b: Indeedee|move: Imprison\n|move|p2a: Archaludon|Dragon Tail|p1b: Indeedee\n|-damage|p1b: Indeedee|80\/100\n|drag|p1b: Milotic|Milotic, L50, M|100\/100\n|move|p2b: Farigiraf|Trick Room|p2b: Farigiraf\n|-fieldstart|move: Trick Room|[of] p2b: Farigiraf\n|\n|upkeep\n|turn|2\n|j| AlabamaChristian\n|\n|t:|1733344062\n|switch|p1b: Indeedee|Indeedee-F, L50, F|80\/100\n|move|p2b: Farigiraf|Helping Hand|p2a: Archaludon\n|-singleturn|p2a: Archaludon|Helping Hand|[of] p2b: Farigiraf\n|move|p2a: Archaludon|Electro Shot||[still]\n|-prepare|p2a: Archaludon|Electro Shot\n|-boost|p2a: Archaludon|spa|1\n|-enditem|p2a: Archaludon|Power Herb\n|-anim|p2a: Archaludon|Electro Shot|p1b: Indeedee\n|-damage|p1b: Indeedee|0 fnt\n|faint|p1b: Indeedee\n|move|p1a: Delphox|Expanding Force|p2a: Archaludon|[spread] p2a,p2b\n|-resisted|p2a: Archaludon\n|-resisted|p2b: Farigiraf\n|-damage|p2a: Archaludon|0 fnt\n|-damage|p2b: Farigiraf|13\/100\n|faint|p2a: Archaludon\n|\n|upkeep\n|\n|t:|1733344084\n|switch|p2a: Ursaluna|Ursaluna-Bloodmoon, L50, M|100\/100\n|switch|p1b: Milotic|Milotic, L50, M|100\/100\n|turn|3\n|j| canto 7 spoilers\n|\n|t:|1733344107\n|-terastallize|p2a: Ursaluna|Normal\n|-terastallize|p1a: Delphox|Fairy\n|move|p2b: Farigiraf|Helping Hand|p2a: Ursaluna\n|-singleturn|p2a: Ursaluna|Helping Hand|[of] p2b: Farigiraf\n|move|p2a: Ursaluna|Blood Moon|p1a: Delphox\n|-damage|p1a: Delphox|0 fnt\n|faint|p1a: Delphox\n|move|p1b: Milotic|Scald|p2a: Ursaluna\n|-damage|p2a: Ursaluna|81\/100\n|\n|upkeep\n|\n|t:|1733344121\n|switch|p1a: Sneasler|Sneasler, L50, M|100\/100\n|-enditem|p1a: Sneasler|Psychic Seed\n|-boost|p1a: Sneasler|spd|1|[from] item: Psychic Seed\n|turn|4\n|\n|t:|1733344157\n|move|p2a: Ursaluna|Hyper Voice|p1a: Sneasler|[spread] p1a,p1b\n|-damage|p1a: Sneasler|49\/100\n|-damage|p1b: Milotic|64\/100\n|move|p2b: Farigiraf|Twin Beam|p1a: Sneasler\n|-supereffective|p1a: Sneasler\n|-damage|p1a: Sneasler|0 fnt\n|faint|p1a: Sneasler\n|-hitcount|p1: Sneasler|1\n|move|p1b: Milotic|Scald|p2b: Farigiraf\n|-damage|p2b: Farigiraf|0 fnt\n|faint|p2b: Farigiraf\n|\n|upkeep\n|l| canto 7 spoilers\n|\n|t:|1733344175\n|switch|p2b: Torkoal|Torkoal, L50, F|100\/100\n|-weather|SunnyDay|[from] ability: Drought|[of] p2b: Torkoal\n|turn|5\n|c|\u2606hella_faerie37|Nooooo dragon tsil\n|c|\u2606hella_faerie37|tail wasn\u2019t supposed to happen!!!!\n|\n|t:|1733344221\n|move|p1b: Milotic|Protect|p1b: Milotic\n|-singleturn|p1b: Milotic|Protect\n|move|p2b: Torkoal|Eruption|p1b: Milotic\n|-activate|p1b: Milotic|move: Protect\n|move|p2a: Ursaluna|Blood Moon|p1b: Milotic\n|-activate|p1b: Milotic|move: Protect\n|\n|-weather|SunnyDay|[upkeep]\n|-fieldend|move: Trick Room\n|-fieldend|move: Psychic Terrain\n|upkeep\n|turn|6\n|c|\u2606hella_faerie37|Please just throw\n|c|\u2606hella_faerie37|protect ursa this turn\n|\n|t:|1733344256\n|move|p1b: Milotic|Scald|p2b: Torkoal\n|-supereffective|p2b: Torkoal\n|-damage|p2b: Torkoal|63\/100\n|move|p2a: Ursaluna|Hyper Voice|p1b: Milotic\n|-damage|p1b: Milotic|8\/100\n|move|p2b: Torkoal|Eruption|p1b: Milotic\n|-resisted|p1b: Milotic\n|-damage|p1b: Milotic|0 fnt\n|faint|p1b: Milotic\n|\n|win|insertable194\n|raw|hella_faerie37's rating: 1696 &rarr; <strong>1677<\/strong><br \/>(-19 for losing)\n|raw|insertable194's rating: 1715 &rarr; <strong>1734<\/strong><br \/>(+19 for winning)\n|c|\u2606insertable194|Shall I tell you a secret?\n|c|\u2606insertable194|I don't have protect on ursa :<\n|c|\u2606hella_faerie37|Omg cooked my lifr\n|c|\u2606hella_faerie37|life wp\n|l|\u2606hella_faerie37\n|player|p1|\n|l|\u2606insertable194\n|player|p2|\n","uploadtime":1733344497,"views":29,"formatid":"gen9vgc2024regh","rating":1677,"private":0,"password":null}