{"id":"gen9vgc2024regh-2256679418","format":"[Gen 9] VGC 2024 Reg H","players":["MoodyMukVGC","Slackermaru"],"log":"|j|\u2606MoodyMukVGC\n|j|\u2606Slackermaru\n|t:|1733333837\n|gametype|doubles\n|player|p1|MoodyMukVGC|chuck|1731\n|player|p2|Slackermaru|workerice|1738\n|teamsize|p1|6\n|teamsize|p2|6\n|gen|9\n|tier|[Gen 9] VGC 2024 Reg H\n|rated|\n|rule|Species Clause: Limit one of each Pok\u00e9mon\n|rule|Item Clause: Limit 1 of each item\n|clearpoke\n|poke|p1|Sneasler, L50, M|\n|poke|p1|Dragonite, L50, M|\n|poke|p1|Volcarona, L50, M|\n|poke|p1|Electabuzz, L50, M|\n|poke|p1|Rillaboom, L50, M|\n|poke|p1|Kingambit, L50, M|\n|poke|p2|Ursaluna, L50, F|\n|poke|p2|Porygon2, L50|\n|poke|p2|Incineroar, L50, M|\n|poke|p2|Vivillon-Fancy, L50, M|\n|poke|p2|Archaludon, L50, M|\n|poke|p2|Primarina, L50, F|\n|teampreview|4\n|j| kyo9t\nMoodyMukVGC rejected open team sheets.\n|\n|t:|1733333893\n|start\n|switch|p1a: Kingambit|Kingambit, L50, M, shiny|100\/100\n|switch|p1b: Electabuzz|Electabuzz, L50, M, shiny|100\/100\n|switch|p2a: Porygon2|Porygon2, L50|100\/100\n|switch|p2b: Ursaluna|Ursaluna, L50, F|100\/100\n|-ability|p2a: Porygon2|Download|boost\n|-boost|p2a: Porygon2|spa|1\n|turn|1\n|\n|t:|1733333915\n|switch|p1a: Rillaboom|Rillaboom, L50, M, shiny|100\/100\n|-fieldstart|move: Grassy Terrain|[from] ability: Grassy Surge|[of] p1a: Rillaboom\n|move|p1b: Electabuzz|Taunt|p2a: Porygon2\n|-start|p2a: Porygon2|move: Taunt\n|move|p2b: Ursaluna|Headlong Rush|p1a: Rillaboom\n|-resisted|p1a: Rillaboom\n|-damage|p1a: Rillaboom|67\/100\n|-unboost|p2b: Ursaluna|def|1\n|-unboost|p2b: Ursaluna|spd|1\n|cant|p2a: Porygon2|move: Taunt|Trick Room\n|\n|-heal|p1a: Rillaboom|73\/100|[from] Grassy Terrain\n|-status|p2b: Ursaluna|brn|[from] item: Flame Orb\n|upkeep\n|turn|2\n|\n|t:|1733333944\n|switch|p1b: Kingambit|Kingambit, L50, M, shiny|100\/100\n|switch|p2b: Archaludon|Archaludon, L50, M|100\/100\n|move|p1a: Rillaboom|Fake Out|p2a: Porygon2\n|-damage|p2a: Porygon2|92\/100\n|cant|p2a: Porygon2|flinch\n|\n|-heal|p1a: Rillaboom|79\/100|[from] Grassy Terrain\n|-heal|p2a: Porygon2|98\/100|[from] Grassy Terrain\n|upkeep\n|turn|3\n|\n|t:|1733333970\n|move|p1b: Kingambit|Protect|p1b: Kingambit\n|-singleturn|p1b: Kingambit|Protect\n|move|p2b: Archaludon|Electro Shot||[still]\n|-prepare|p2b: Archaludon|Electro Shot\n|-boost|p2b: Archaludon|spa|1\n|-enditem|p2b: Archaludon|Power Herb\n|-anim|p2b: Archaludon|Electro Shot|p1b: Kingambit\n|-activate|p1b: Kingambit|move: Protect\n|move|p1a: Rillaboom|Wood Hammer|p2a: Porygon2\n|-damage|p2a: Porygon2|45\/100\n|-damage|p1a: Rillaboom|62\/100|[from] Recoil\n|move|p2a: Porygon2|Ice Beam|p1b: Kingambit\n|-activate|p1b: Kingambit|move: Protect\n|\n|-heal|p1a: Rillaboom|68\/100|[from] Grassy Terrain\n|-heal|p2a: Porygon2|51\/100|[from] Grassy Terrain\n|-end|p2a: Porygon2|move: Taunt\n|upkeep\n|turn|4\n|\n|t:|1733334002\n|-terastallize|p1b: Kingambit|Dark\n|-terastallize|p2a: Porygon2|Fighting\n|move|p2b: Archaludon|Dragon Pulse|p1a: Rillaboom\n|-damage|p1a: Rillaboom|23\/100\n|move|p1a: Rillaboom|Wood Hammer|p2a: Porygon2\n|-damage|p2a: Porygon2|4\/100\n|-damage|p1a: Rillaboom|8\/100|[from] Recoil\n|move|p1b: Kingambit|Swords Dance|p1b: Kingambit\n|-boost|p1b: Kingambit|atk|2\n|move|p2a: Porygon2|Recover|p2a: Porygon2\n|-heal|p2a: Porygon2|54\/100\n|\n|-heal|p1a: Rillaboom|14\/100|[from] Grassy Terrain\n|-heal|p2a: Porygon2|60\/100|[from] Grassy Terrain\n|upkeep\n|turn|5\n|\n|t:|1733334027\n|move|p1a: Rillaboom|Grassy Glide|p2a: Porygon2\n|-crit|p2a: Porygon2\n|-damage|p2a: Porygon2|28\/100\n|move|p2b: Archaludon|Dragon Pulse|p1a: Rillaboom\n|-damage|p1a: Rillaboom|0 fnt\n|faint|p1a: Rillaboom\n|move|p1b: Kingambit|Kowtow Cleave|p2a: Porygon2\n|-resisted|p2a: Porygon2\n|-damage|p2a: Porygon2|0 fnt\n|faint|p2a: Porygon2\n|\n|-fieldend|move: Grassy Terrain\n|upkeep\n|j| mpudi\n|\n|t:|1733334041\n|switch|p1a: Electabuzz|Electabuzz, L50, M, shiny|100\/100\n|switch|p2a: Primarina|Primarina, L50, F|100\/100\n|turn|6\n|\n|t:|1733334064\n|move|p1a: Electabuzz|Electroweb|p2a: Primarina|[spread] p2a,p2b\n|-supereffective|p2a: Primarina\n|-resisted|p2b: Archaludon\n|-damage|p2a: Primarina|77\/100\n|-damage|p2b: Archaludon|90\/100\n|-unboost|p2a: Primarina|spe|1\n|-unboost|p2b: Archaludon|spe|1\n|move|p2b: Archaludon|Dragon Pulse|p1b: Kingambit\n|-damage|p1b: Kingambit|39\/100\n|move|p1b: Kingambit|Kowtow Cleave|p2a: Primarina\n|-resisted|p2a: Primarina\n|-damage|p2a: Primarina|0 fnt\n|faint|p2a: Primarina\n|\n|upkeep\n|\n|t:|1733334080\n|switch|p2a: Ursaluna|Ursaluna, L50, F|100\/100 brn\n|turn|7\n|\n|t:|1733334087\n|move|p2b: Archaludon|Protect|p2b: Archaludon\n|-singleturn|p2b: Archaludon|Protect\n|move|p1a: Electabuzz|Follow Me|p1a: Electabuzz\n|-singleturn|p1a: Electabuzz|move: Follow Me\n|move|p2a: Ursaluna|Earthquake|p1a: Electabuzz|[spread] p1a,p1b\n|-activate|p2b: Archaludon|move: Protect\n|-supereffective|p1a: Electabuzz\n|-damage|p1a: Electabuzz|0 fnt\n|-damage|p1b: Kingambit|0 fnt\n|faint|p1a: Electabuzz\n|faint|p1b: Kingambit\n|\n|-damage|p2a: Ursaluna|94\/100 brn|[from] brn\n|upkeep\n|\n|t:|1733334099\n|switch|p1b: Dragonite|Dragonite, L50, M, shiny|100\/100\n|turn|8\n|\n|t:|1733334112\n|move|p1b: Dragonite|Scale Shot|p2a: Ursaluna\n|-damage|p2a: Ursaluna|83\/100 brn\n|-damage|p2a: Ursaluna|71\/100 brn\n|-crit|p2a: Ursaluna\n|-damage|p2a: Ursaluna|54\/100 brn\n|-damage|p2a: Ursaluna|41\/100 brn\n|-damage|p2a: Ursaluna|30\/100 brn\n|-hitcount|p2a: Ursaluna|5\n|-unboost|p1b: Dragonite|def|1\n|-boost|p1b: Dragonite|spe|1\n|move|p2b: Archaludon|Dragon Pulse|p1b: Dragonite\n|-supereffective|p1b: Dragonite\n|-damage|p1b: Dragonite|34\/100\n|move|p2a: Ursaluna|Facade|p1b: Dragonite\n|-damage|p1b: Dragonite|0 fnt\n|faint|p1b: Dragonite\n|\n|win|Slackermaru\n|raw|MoodyMukVGC's rating: 1731 &rarr; <strong>1711<\/strong><br \/>(-20 for losing)\n|raw|Slackermaru's rating: 1738 &rarr; <strong>1758<\/strong><br \/>(+20 for winning)\n|l|\u2606Slackermaru\n|player|p2|\n|l| mpudi\n","uploadtime":1733334254,"views":18,"formatid":"gen9vgc2024regh","rating":1711,"private":0,"password":null}