{"id":"gen9vgc2024regh-2256729432","format":"[Gen 9] VGC 2024 Reg H","players":["Has_Perry","Ratrap"],"log":"|j|\u2606Has_Perry\n|j|\u2606Ratrap\n|t:|1733338522\n|gametype|doubles\n|player|p1|Has_Perry|veteran|1689\n|player|p2|Ratrap|elesa|1690\n|teamsize|p1|6\n|teamsize|p2|6\n|gen|9\n|tier|[Gen 9] VGC 2024 Reg H\n|rated|\n|rule|Species Clause: Limit one of each Pok\u00e9mon\n|rule|Item Clause: Limit 1 of each item\n|clearpoke\n|poke|p1|Dragonite, L50, M|\n|poke|p1|Tyranitar, L50, F|\n|poke|p1|Metagross, L50|\n|poke|p1|Annihilape, L50, F|\n|poke|p1|Volcarona, L50, M|\n|poke|p1|Sinistcha, L50|\n|poke|p2|Primeape, L50, F|\n|poke|p2|Dragonite, L50, M|\n|poke|p2|Incineroar, L50, F|\n|poke|p2|Ninetales-Alola, L50, F|\n|poke|p2|Meowscarada, L50, M|\n|poke|p2|Archaludon, L50, F|\n|teampreview|4\n|inactive|Battle timer is ON: inactive players will automatically lose when time's up. (requested by Ratrap)\n|c|\u2606Has_Perry|aaah\n|c|\u2606Has_Perry|classic primeape anger point\n|inactive|Has_Perry has 60 seconds left.\n|\n|t:|1733338581\n|start\n|switch|p1a: Volcarona|Volcarona, L50, M|100\/100\n|switch|p1b: Annihilape|Annihilape, L50, F|100\/100\n|switch|p2a: Primeape|Primeape, L50, F|100\/100\n|switch|p2b: Meowscarada|Meowscarada, L50, M|100\/100\n|turn|1\n|\n|t:|1733338596\n|-terastallize|p1a: Volcarona|Fairy\n|move|p2a: Primeape|Protect|p2a: Primeape\n|-singleturn|p2a: Primeape|Protect\n|move|p2b: Meowscarada|Knock Off|p1a: Volcarona\n|-resisted|p1a: Volcarona\n|-damage|p1a: Volcarona|67\/100\n|-status|p2b: Meowscarada|brn|[from] ability: Flame Body|[of] p1a: Volcarona\n|-enditem|p1a: Volcarona|Choice Specs|[from] move: Knock Off|[of] p2b: Meowscarada\n|move|p1a: Volcarona|Tera Blast|p2a: Primeape|[anim] Tera Blast Fairy\n|-activate|p2a: Primeape|move: Protect\n|move|p1b: Annihilape|Coaching|p1a: Volcarona\n|-boost|p1a: Volcarona|atk|1\n|-boost|p1a: Volcarona|def|1\n|\n|-damage|p2b: Meowscarada|95\/100 brn|[from] brn\n|upkeep\n|turn|2\n|\n|t:|1733338614\n|-terastallize|p2a: Primeape|Steel\n|move|p2b: Meowscarada|Flower Trick|p2a: Primeape\n|-resisted|p2a: Primeape\n|-crit|p2a: Primeape\n|-damage|p2a: Primeape|89\/100\n|-setboost|p2a: Primeape|atk|6|[from] ability: Anger Point\n|move|p1a: Volcarona|Heat Wave|p2b: Meowscarada|[spread] p2a,p2b\n|-supereffective|p2a: Primeape\n|-supereffective|p2b: Meowscarada\n|-damage|p2a: Primeape|24\/100\n|-damage|p2b: Meowscarada|0 fnt\n|faint|p2b: Meowscarada\n|move|p2a: Primeape|Rage Fist|p1a: Volcarona\n|-damage|p1a: Volcarona|0 fnt\n|faint|p1a: Volcarona\n|move|p1b: Annihilape|Encore|p2a: Primeape\n|-start|p2a: Primeape|Encore\n|\n|upkeep\n|\n|t:|1733338635\n|switch|p2b: Archaludon|Archaludon, L50, F|100\/100\n|switch|p1a: Skadoosh|Metagross, L50, shiny|100\/100\n|turn|3\n|\n|t:|1733338649\n|switch|p1a: Tyranitar|Tyranitar, L50, F, shiny|100\/100\n|-weather|Sandstorm|[from] ability: Sand Stream|[of] p1a: Tyranitar\n|move|p2a: Primeape|Rage Fist|p1a: Tyranitar\n|-resisted|p1a: Tyranitar\n|-damage|p1a: Tyranitar|35\/100\n|move|p1b: Annihilape|Rage Fist|p2a: Primeape\n|-damage|p2a: Primeape|0 fnt\n|faint|p2a: Primeape\n|move|p2b: Archaludon|Electro Shot||[still]\n|-prepare|p2b: Archaludon|Electro Shot\n|-boost|p2b: Archaludon|spa|1\n|-enditem|p2b: Archaludon|Power Herb\n|-anim|p2b: Archaludon|Electro Shot|p1b: Annihilape\n|-damage|p1b: Annihilape|27\/100\n|\n|-weather|Sandstorm|[upkeep]\n|-damage|p1b: Annihilape|21\/100|[from] Sandstorm\n|upkeep\n|\n|t:|1733338652\n|switch|p2a: Incineroar|Incineroar, L50, F|100\/100\n|-ability|p2a: Incineroar|Intimidate|boost\n|-unboost|p1a: Tyranitar|atk|1\n|-unboost|p1b: Annihilape|atk|1\n|-ability|p1b: Annihilape|Defiant|boost\n|-boost|p1b: Annihilape|atk|2\n|turn|4\n|\n|t:|1733338676\n|move|p2a: Incineroar|Fake Out|p1a: Tyranitar\n|-resisted|p1a: Tyranitar\n|-damage|p1a: Tyranitar|28\/100\n|move|p1b: Annihilape|Close Combat|p2a: Incineroar\n|-supereffective|p2a: Incineroar\n|-damage|p2a: Incineroar|0 fnt\n|-unboost|p1b: Annihilape|def|1\n|-unboost|p1b: Annihilape|spd|1\n|faint|p2a: Incineroar\n|move|p2b: Archaludon|Flash Cannon|p1b: Annihilape\n|-damage|p1b: Annihilape|0 fnt\n|faint|p1b: Annihilape\n|cant|p1a: Tyranitar|flinch\n|\n|-weather|Sandstorm|[upkeep]\n|upkeep\n|\n|t:|1733338682\n|switch|p1b: Skadoosh|Metagross, L50, shiny|100\/100\n|turn|5\n|c|\u2606Ratrap|Wp\n|inactive|Has_Perry has 30 seconds left.\n|\n|t:|1733338710\n|move|p2b: Archaludon|Flash Cannon|p1a: Tyranitar\n|-supereffective|p1a: Tyranitar\n|-damage|p1a: Tyranitar|0 fnt\n|faint|p1a: Tyranitar\n|move|p1b: Skadoosh|Heavy Slam|p2b: Archaludon\n|-resisted|p2b: Archaludon\n|-damage|p2b: Archaludon|70\/100\n|\n|-weather|Sandstorm|[upkeep]\n|upkeep\n|turn|6\n|\n|t:|1733338722\n|move|p2b: Archaludon|Electro Shot||[still]\n|-prepare|p2b: Archaludon|Electro Shot\n|-boost|p2b: Archaludon|spa|1\n|move|p1b: Skadoosh|Heavy Slam|p2b: Archaludon\n|-resisted|p2b: Archaludon\n|-damage|p2b: Archaludon|41\/100\n|\n|-weather|Sandstorm|[upkeep]\n|upkeep\n|turn|7\n|\n|t:|1733338732\n|move|p2b: Archaludon|Electro Shot|p1b: Skadoosh|[from]lockedmove\n|-damage|p1b: Skadoosh|44\/100\n|move|p1b: Skadoosh|Heavy Slam|p2b: Archaludon\n|-resisted|p2b: Archaludon\n|-damage|p2b: Archaludon|11\/100\n|\n|-weather|none\n|upkeep\n|turn|8\n|\n|t:|1733338744\n|move|p1b: Skadoosh|Bullet Punch|p2b: Archaludon\n|-resisted|p2b: Archaludon\n|-damage|p2b: Archaludon|0 fnt\n|faint|p2b: Archaludon\n|\n|win|Has_Perry\n|raw|Has_Perry's rating: 1689 &rarr; <strong>1709<\/strong><br \/>(+20 for winning)\n|raw|Ratrap's rating: 1690 &rarr; <strong>1670<\/strong><br \/>(-20 for losing)\n|c|\u2606Has_Perry|gg\n|c|\u2606Ratrap|Gg\n|c|\u2606Ratrap|Close\n|c|\u2606Has_Perry|yeah\n|l|\u2606Has_Perry\n|player|p1|\n","uploadtime":1733338963,"views":300,"formatid":"gen9vgc2024regh","rating":1670,"private":0,"password":null}