{"id":"gen9vgc2024regh-2256277059","format":"[Gen 9] VGC 2024 Reg H","players":["greenlightdmp","Johnmcclain45"],"log":"|j|\u2606greenlightdmp\n|j|\u2606Johnmcclain45\n|t:|1733277236\n|gametype|doubles\n|player|p1|greenlightdmp|2|1673\n|player|p2|Johnmcclain45|emmet|1698\n|teamsize|p1|6\n|teamsize|p2|6\n|gen|9\n|tier|[Gen 9] VGC 2024 Reg H\n|rated|\n|rule|Species Clause: Limit one of each Pok\u00e9mon\n|rule|Item Clause: Limit 1 of each item\n|clearpoke\n|poke|p1|Pelipper, L50, F|\n|poke|p1|Archaludon, L50, F|\n|poke|p1|Sneasler, L50, F|\n|poke|p1|Dragonite, L50, M|\n|poke|p1|Basculegion, L50, M|\n|poke|p1|Rillaboom, L50, M|\n|poke|p2|Magmar, L50, F|\n|poke|p2|Ursaluna-Bloodmoon, L50, M|\n|poke|p2|Pelipper, L50, F|\n|poke|p2|Rillaboom, L50, M|\n|poke|p2|Farigiraf, L50, M|\n|poke|p2|Kingambit, L50, F|\n|teampreview|4\n|inactive|Battle timer is ON: inactive players will automatically lose when time's up. (requested by Johnmcclain45)\n|\n|t:|1733277267\n|start\n|switch|p1a: Thanotos|Basculegion, L50, M|100\/100\n|switch|p1b: Ceasar|Rillaboom, L50, M|100\/100\n|switch|p2a: Hurricane|Rillaboom, L50, M|100\/100\n|switch|p2b: Spooky|Farigiraf, L50, M, shiny|100\/100\n|-fieldstart|move: Grassy Terrain|[from] ability: Grassy Surge|[of] p1b: Ceasar\n|-enditem|p2a: Hurricane|Grassy Seed\n|-boost|p2a: Hurricane|def|1|[from] item: Grassy Seed\n|turn|1\n|inactive|greenlightdmp has 30 seconds left.\n|inactive|Johnmcclain45 has 30 seconds left.\n|\n|t:|1733277293\n|switch|p1a: Hephetus|Archaludon, L50, F|100\/100\n|-terastallize|p2b: Spooky|Grass\n|move|p2a: Hurricane|Fake Out|p1b: Ceasar\n|-damage|p1b: Ceasar|86\/100\n|cant|p1b: Ceasar|flinch\n|move|p2b: Spooky|Trick Room|p2b: Spooky\n|-fieldstart|move: Trick Room|[of] p2b: Spooky\n|\n|-heal|p1b: Ceasar|92\/100|[from] Grassy Terrain\n|upkeep\n|turn|2\n|inactive|Johnmcclain45 has 30 seconds left.\n|\n|t:|1733277321\n|move|p2b: Spooky|Twin Beam|p1b: Ceasar\n|-damage|p1b: Ceasar|74\/100\n|-damage|p1b: Ceasar|58\/100\n|-hitcount|p1b: Ceasar|2\n|move|p2a: Hurricane|Knock Off|p1b: Ceasar\n|-damage|p1b: Ceasar|23\/100\n|-enditem|p1b: Ceasar|Loaded Dice|[from] move: Knock Off|[of] p2a: Hurricane\n|move|p1a: Hephetus|Body Press|p2b: Spooky\n|-damage|p2b: Spooky|81\/100\n|move|p1b: Ceasar|Bullet Seed|p1a: Hephetus\n|-resisted|p1a: Hephetus\n|-damage|p1a: Hephetus|98\/100\n|-ability|p1a: Hephetus|Stamina|boost\n|-boost|p1a: Hephetus|def|1\n|-resisted|p1a: Hephetus\n|-damage|p1a: Hephetus|96\/100\n|-ability|p1a: Hephetus|Stamina|boost\n|-boost|p1a: Hephetus|def|1\n|-hitcount|p1a: Hephetus|2\n|\n|-heal|p2b: Spooky|87\/100|[from] Grassy Terrain\n|-heal|p1a: Hephetus|100\/100|[from] Grassy Terrain\n|-heal|p1b: Ceasar|29\/100|[from] Grassy Terrain\n|upkeep\n|turn|3\n|inactive|greenlightdmp has 30 seconds left.\n|inactive|Johnmcclain45 has 30 seconds left.\n|inactive|greenlightdmp has 20 seconds left.\n|inactive|greenlightdmp has 15 seconds left.\n|inactive|greenlightdmp has 10 seconds left.\n|\n|t:|1733277370\n|switch|p2a: Bird|Pelipper, L50, F|100\/100\n|-weather|RainDance|[from] ability: Drizzle|[of] p2a: Bird\n|move|p2b: Spooky|Twin Beam|p1b: Ceasar\n|-damage|p1b: Ceasar|13\/100\n|-damage|p1b: Ceasar|0 fnt\n|faint|p1b: Ceasar\n|-hitcount|p1: Ceasar|2\n|move|p1a: Hephetus|Body Press|p2a: Bird\n|-resisted|p2a: Bird\n|-damage|p2a: Bird|75\/100\n|\n|-weather|RainDance|[upkeep]\n|-heal|p2b: Spooky|93\/100|[from] Grassy Terrain\n|upkeep\n|\n|t:|1733277383\n|switch|p1b: Posiden|Pelipper, L50, F|100\/100\n|turn|4\n|\n|t:|1733277402\n|move|p2b: Spooky|Thunder|p1b: Posiden\n|-supereffective|p1b: Posiden\n|-enditem|p1b: Posiden|Focus Sash\n|-damage|p1b: Posiden|1\/100\n|move|p2a: Bird|Muddy Water|p1a: Hephetus|[spread] p1a,p1b\n|-resisted|p1a: Hephetus\n|-resisted|p1b: Posiden\n|-damage|p1a: Hephetus|75\/100\n|-damage|p1b: Posiden|0 fnt\n|-ability|p1a: Hephetus|Stamina|boost\n|-boost|p1a: Hephetus|def|1\n|faint|p1b: Posiden\n|-damage|p2a: Bird|65\/100|[from] item: Life Orb\n|move|p1a: Hephetus|Electro Shot||[still]\n|-prepare|p1a: Hephetus|Electro Shot\n|-boost|p1a: Hephetus|spa|1\n|-anim|p1a: Hephetus|Electro Shot|p2a: Bird\n|-supereffective|p2a: Bird\n|-damage|p2a: Bird|0 fnt\n|faint|p2a: Bird\n|\n|-weather|RainDance|[upkeep]\n|-heal|p2b: Spooky|99\/100|[from] Grassy Terrain\n|-heal|p1a: Hephetus|81\/100|[from] Grassy Terrain\n|upkeep\n|\n|t:|1733277424\n|switch|p2a: Bear|Ursaluna-Bloodmoon, L50, M|100\/100\n|switch|p1b: Thanotos|Basculegion, L50, M|100\/100\n|turn|5\n|inactive|greenlightdmp has 30 seconds left.\n|inactive|greenlightdmp has 20 seconds left.\n|\n|t:|1733277461\n|-terastallize|p1a: Hephetus|Grass\n|move|p2a: Bear|Earth Power|p1a: Hephetus\n|-resisted|p1a: Hephetus\n|-damage|p1a: Hephetus|58\/100\n|-ability|p1a: Hephetus|Stamina|boost\n|-boost|p1a: Hephetus|def|1\n|move|p2b: Spooky|Thunder|p1a: Hephetus\n|-resisted|p1a: Hephetus\n|-damage|p1a: Hephetus|45\/100\n|-ability|p1a: Hephetus|Stamina|boost\n|-boost|p1a: Hephetus|def|1\n|move|p1a: Hephetus|Electro Shot||[still]\n|-prepare|p1a: Hephetus|Electro Shot\n|-boost|p1a: Hephetus|spa|1\n|-anim|p1a: Hephetus|Electro Shot|p2a: Bear\n|-immune|p2a: Bear\n|move|p1b: Thanotos|Wave Crash|p2a: Bear\n|-supereffective|p2a: Bear\n|-damage|p2a: Bear|0 fnt\n|faint|p2a: Bear\n|-damage|p1b: Thanotos|66\/100|[from] Recoil\n|\n|-weather|RainDance|[upkeep]\n|-heal|p2b: Spooky|100\/100|[from] Grassy Terrain\n|-heal|p1a: Hephetus|51\/100|[from] Grassy Terrain\n|-heal|p1b: Thanotos|72\/100|[from] Grassy Terrain\n|-fieldend|move: Trick Room\n|-fieldend|move: Grassy Terrain\n|upkeep\n|inactive|Johnmcclain45 has 30 seconds left.\n|\n|t:|1733277488\n|switch|p2a: Hurricane|Rillaboom, L50, M|100\/100\n|-fieldstart|move: Grassy Terrain|[from] ability: Grassy Surge|[of] p2a: Hurricane\n|turn|6\n|\n|t:|1733277497\n|move|p2a: Hurricane|Fake Out|p1a: Hephetus\n|-damage|p1a: Hephetus|47\/100\n|-ability|p1a: Hephetus|Stamina|boost\n|-boost|p1a: Hephetus|def|1\n|move|p1b: Thanotos|Wave Crash|p2b: Spooky\n|-resisted|p2b: Spooky\n|-damage|p2b: Spooky|49\/100\n|-damage|p1b: Thanotos|53\/100|[from] Recoil\n|cant|p1a: Hephetus|flinch\n|move|p2b: Spooky|Trick Room|p2b: Spooky\n|-fieldstart|move: Trick Room|[of] p2b: Spooky\n|\n|-weather|RainDance|[upkeep]\n|-heal|p2b: Spooky|55\/100|[from] Grassy Terrain\n|-heal|p1a: Hephetus|53\/100|[from] Grassy Terrain\n|-heal|p1b: Thanotos|59\/100|[from] Grassy Terrain\n|upkeep\n|turn|7\n|\n|t:|1733277516\n|move|p2b: Spooky|Thunder|p1a: Hephetus\n|-resisted|p1a: Hephetus\n|-damage|p1a: Hephetus|41\/100\n|move|p2a: Hurricane|Knock Off|p1b: Thanotos\n|-supereffective|p1b: Thanotos\n|-damage|p1b: Thanotos|0 fnt\n|-enditem|p1b: Thanotos|Choice Scarf|[from] move: Knock Off|[of] p2a: Hurricane\n|faint|p1b: Thanotos\n|move|p1a: Hephetus|Flash Cannon|p2b: Spooky\n|-damage|p2b: Spooky|0 fnt\n|faint|p2b: Spooky\n|\n|-weather|none\n|-heal|p1a: Hephetus|47\/100|[from] Grassy Terrain\n|upkeep\n|turn|8\n|\n|t:|1733277534\n|move|p2a: Hurricane|Knock Off|p1a: Hephetus\n|-damage|p1a: Hephetus|41\/100\n|-enditem|p1a: Hephetus|Assault Vest|[from] move: Knock Off|[of] p2a: Hurricane\n|move|p1a: Hephetus|Draco Meteor|p2a: Hurricane\n|-damage|p2a: Hurricane|0 fnt\n|-unboost|p1a: Hephetus|spa|2\n|faint|p2a: Hurricane\n|\n|win|greenlightdmp\n|raw|greenlightdmp's rating: 1673 &rarr; <strong>1694<\/strong><br \/>(+21 for winning)\n|raw|Johnmcclain45's rating: 1698 &rarr; <strong>1677<\/strong><br \/>(-21 for losing)\n|l|\u2606Johnmcclain45\n|player|p2|\n|l|\u2606greenlightdmp\n|player|p1|\n","uploadtime":1733277788,"views":5,"formatid":"gen9vgc2024regh","rating":1677,"private":0,"password":null}