{"id":"gen9vgc2024regh-2256334333","format":"[Gen 9] VGC 2024 Reg H","players":["wesleihas","Spler"],"log":"|j|\u2606wesleihas\n|j|\u2606Spler\n|t:|1733284876\n|gametype|doubles\n|player|p1|wesleihas|hilbert-wonderlauncher|1688\n|player|p2|Spler|169|1669\n|teamsize|p1|6\n|teamsize|p2|6\n|gen|9\n|tier|[Gen 9] VGC 2024 Reg H\n|rated|\n|rule|Species Clause: Limit one of each Pok\u00e9mon\n|rule|Item Clause: Limit 1 of each item\n|clearpoke\n|poke|p1|Incineroar, L50, M|\n|poke|p1|Rillaboom, L50, F|\n|poke|p1|Gholdengo, L50|\n|poke|p1|Sneasler, L50, M|\n|poke|p1|Whimsicott, L50, M|\n|poke|p1|Archaludon, L50, M|\n|poke|p2|Archaludon, L50, F|\n|poke|p2|Rillaboom, L50, F|\n|poke|p2|Basculegion, L50, M|\n|poke|p2|Kingambit, L50, F|\n|poke|p2|Pelipper, L50, M|\n|poke|p2|Electabuzz, L50, F|\n|teampreview|4\n|\n|t:|1733284934\n|start\n|switch|p1a: Whimsicott|Whimsicott, L50, M|100\/100\n|switch|p1b: Gholdengo|Gholdengo, L50|100\/100\n|switch|p2a: Pelipper|Pelipper, L50, M|100\/100\n|switch|p2b: Basculegion|Basculegion, L50, M|100\/100\n|-weather|RainDance|[from] ability: Drizzle|[of] p2a: Pelipper\n|turn|1\n|\n|t:|1733284967\n|switch|p1b: Rillaboom|Rillaboom, L50, F|100\/100\n|-fieldstart|move: Grassy Terrain|[from] ability: Grassy Surge|[of] p1b: Rillaboom\n|-terastallize|p2b: Basculegion|Grass\n|move|p2b: Basculegion|Wave Crash|p1b: Rillaboom\n|-resisted|p1b: Rillaboom\n|-damage|p1b: Rillaboom|41\/100\n|-damage|p2b: Basculegion|79\/100|[from] Recoil\n|move|p1a: Whimsicott|Moonblast|p2a: Pelipper\n|-damage|p2a: Pelipper|30\/100\n|move|p2a: Pelipper|Hurricane|p1a: Whimsicott\n|-supereffective|p1a: Whimsicott\n|-damage|p1a: Whimsicott|0 fnt\n|faint|p1a: Whimsicott\n|\n|-weather|RainDance|[upkeep]\n|-heal|p2b: Basculegion|86\/100|[from] Grassy Terrain\n|-heal|p1b: Rillaboom|47\/100|[from] Grassy Terrain\n|upkeep\n|\n|t:|1733284986\n|switch|p1a: Sneasler|Sneasler, L50, M|100\/100\n|turn|2\n|\n|t:|1733285031\n|move|p1b: Rillaboom|Fake Out|p2b: Basculegion\n|-damage|p2b: Basculegion|70\/100\n|cant|p2b: Basculegion|flinch\n|move|p1a: Sneasler|Close Combat|p2b: Basculegion\n|-damage|p2b: Basculegion|0 fnt\n|-unboost|p1a: Sneasler|def|1\n|-unboost|p1a: Sneasler|spd|1\n|faint|p2b: Basculegion\n|move|p2a: Pelipper|Hurricane|p1a: Sneasler\n|-supereffective|p1a: Sneasler\n|-enditem|p1a: Sneasler|Focus Sash\n|-damage|p1a: Sneasler|1\/100\n|-start|p1a: Sneasler|confusion\n|\n|-weather|RainDance|[upkeep]\n|-heal|p1a: Sneasler|7\/100|[from] Grassy Terrain\n|-heal|p1b: Rillaboom|52\/100|[from] Grassy Terrain\n|upkeep\n|\n|t:|1733285051\n|switch|p2b: Kingambit|Kingambit, L50, F|100\/100\n|turn|3\n|\n|t:|1733285065\n|switch|p1a: Gholdengo|Gholdengo, L50|100\/100\n|move|p1b: Rillaboom|Grassy Glide|p2a: Pelipper\n|-damage|p2a: Pelipper|0 fnt\n|faint|p2a: Pelipper\n|move|p2b: Kingambit|Sucker Punch||[still]\n|-fail|p2b: Kingambit\n|\n|-weather|RainDance|[upkeep]\n|-heal|p1b: Rillaboom|58\/100|[from] Grassy Terrain\n|upkeep\n|\n|t:|1733285077\n|switch|p2a: Archaludon|Archaludon, L50, F|100\/100\n|turn|4\n|\n|t:|1733285095\n|move|p1a: Gholdengo|Shadow Ball|p2a: Archaludon\n|-damage|p2a: Archaludon|65\/100\n|-unboost|p2a: Archaludon|spd|1\n|-ability|p2a: Archaludon|Stamina|boost\n|-boost|p2a: Archaludon|def|1\n|-damage|p1a: Gholdengo|91\/100|[from] item: Life Orb\n|move|p2a: Archaludon|Electro Shot||[still]\n|-prepare|p2a: Archaludon|Electro Shot\n|-boost|p2a: Archaludon|spa|1\n|-anim|p2a: Archaludon|Electro Shot|p1a: Gholdengo\n|-damage|p1a: Gholdengo|35\/100\n|move|p1b: Rillaboom|High Horsepower|p2a: Archaludon\n|-supereffective|p2a: Archaludon\n|-damage|p2a: Archaludon|38\/100\n|-ability|p2a: Archaludon|Stamina|boost\n|-boost|p2a: Archaludon|def|1\n|move|p2b: Kingambit|Kowtow Cleave|p1b: Rillaboom\n|-damage|p1b: Rillaboom|0 fnt\n|faint|p1b: Rillaboom\n|\n|-weather|RainDance|[upkeep]\n|-heal|p1a: Gholdengo|41\/100|[from] Grassy Terrain\n|-heal|p2a: Archaludon|45\/100|[from] Grassy Terrain\n|upkeep\n|\n|t:|1733285116\n|switch|p1b: Sneasler|Sneasler, L50, M|7\/100\n|turn|5\n|\n|t:|1733285134\n|move|p1b: Sneasler|Fake Out|p2b: Kingambit\n|-resisted|p2b: Kingambit\n|-damage|p2b: Kingambit|95\/100\n|cant|p2b: Kingambit|flinch\n|move|p1a: Gholdengo|Shadow Ball|p2a: Archaludon\n|-damage|p2a: Archaludon|0 fnt\n|faint|p2a: Archaludon\n|-damage|p1a: Gholdengo|32\/100|[from] item: Life Orb\n|\n|-weather|none\n|-heal|p1b: Sneasler|13\/100|[from] Grassy Terrain\n|-heal|p1a: Gholdengo|38\/100|[from] Grassy Terrain\n|-heal|p2b: Kingambit|100\/100|[from] Grassy Terrain\n|-fieldend|move: Grassy Terrain\n|upkeep\n|turn|6\n|\n|t:|1733285152\n|move|p1b: Sneasler|Protect|p1b: Sneasler\n|-singleturn|p1b: Sneasler|Protect\n|move|p1a: Gholdengo|Protect|p1a: Gholdengo\n|-singleturn|p1a: Gholdengo|Protect\n|move|p2b: Kingambit|Sucker Punch||[still]\n|-fail|p2b: Kingambit\n|\n|upkeep\n|turn|7\n|\n|t:|1733285166\n|move|p1b: Sneasler|Protect||[still]\n|-fail|p1b: Sneasler\n|move|p1a: Gholdengo|Nasty Plot|p1a: Gholdengo\n|-boost|p1a: Gholdengo|spa|2\n|move|p2b: Kingambit|Kowtow Cleave|p1b: Sneasler\n|-resisted|p1b: Sneasler\n|-damage|p1b: Sneasler|0 fnt\n|faint|p1b: Sneasler\n|\n|upkeep\n|turn|8\n|inactive|Battle timer is ON: inactive players will automatically lose when time's up. (requested by Spler)\n|\n|t:|1733285187\n|-terastallize|p1a: Gholdengo|Water\n|move|p1a: Gholdengo|Make It Rain|p2b: Kingambit\n|-resisted|p2b: Kingambit\n|-damage|p2b: Kingambit|27\/100\n|-unboost|p1a: Gholdengo|spa|1\n|-damage|p1a: Gholdengo|28\/100|[from] item: Life Orb\n|move|p2b: Kingambit|Kowtow Cleave|p1a: Gholdengo\n|-damage|p1a: Gholdengo|0 fnt\n|faint|p1a: Gholdengo\n|\n|win|Spler\n|raw|wesleihas's rating: 1688 &rarr; <strong>1667<\/strong><br \/>(-21 for losing)\n|raw|Spler's rating: 1669 &rarr; <strong>1690<\/strong><br \/>(+21 for winning)\n|l|\u2606wesleihas\n|player|p1|\n","uploadtime":1733285204,"views":5,"formatid":"gen9vgc2024regh","rating":1667,"private":0,"password":null}