{"id":"gen9vgc2024regh-2256877815","format":"[Gen 9] VGC 2024 Reg H","players":["greenlightdmp","chiitancrazymascot"],"log":"|j|\u2606greenlightdmp\n|j|\u2606chiitancrazymascot\n|t:|1733353901\n|gametype|doubles\n|player|p1|greenlightdmp|170|1677\n|player|p2|chiitancrazymascot|pokemaniac|1810\n|teamsize|p1|6\n|teamsize|p2|6\n|gen|9\n|tier|[Gen 9] VGC 2024 Reg H\n|rated|\n|rule|Species Clause: Limit one of each Pok\u00e9mon\n|rule|Item Clause: Limit 1 of each item\n|clearpoke\n|poke|p1|Pelipper, L50, M|\n|poke|p1|Archaludon, L50, F|\n|poke|p1|Sneasler, L50, F|\n|poke|p1|Dragonite, L50, M|\n|poke|p1|Basculegion, L50, M|\n|poke|p1|Rillaboom, L50, F|\n|poke|p2|Annihilape, L50, M|\n|poke|p2|Dondozo, L50, F|\n|poke|p2|Maushold-Four, L50|\n|poke|p2|Gholdengo, L50|\n|poke|p2|Whimsicott, L50, F|\n|poke|p2|Tatsugiri, L50, M|\n|teampreview|4\n|inactive|Battle timer is ON: inactive players will automatically lose when time's up. (requested by chiitancrazymascot)\n|j| Alex_50505\n|inactive|chiitancrazymascot has 60 seconds left.\n|\n|t:|1733353943\n|start\n|switch|p1a: Posiden|Pelipper, L50, M|100\/100\n|switch|p1b: Thanotos|Basculegion, L50, M|100\/100\n|switch|p2a: Maushold|Maushold-Four, L50|100\/100\n|switch|p2b: Dondozo|Dondozo, L50, F, shiny|100\/100\n|-weather|RainDance|[from] ability: Drizzle|[of] p1a: Posiden\n|turn|1\n|\n|t:|1733353964\n|switch|p2a: Tatsugiri|Tatsugiri, L50, M, shiny|100\/100\n|-activate|p2a: Tatsugiri|ability: Commander|[of] p2b: Dondozo\n|-boost|p2b: Dondozo|atk|2\n|-boost|p2b: Dondozo|spa|2\n|-boost|p2b: Dondozo|spe|2\n|-boost|p2b: Dondozo|def|2\n|-boost|p2b: Dondozo|spd|2\n|move|p1b: Thanotos|Flip Turn|p2a: Tatsugiri|[miss]\n|-miss|p1b: Thanotos|p2a: Tatsugiri\n|move|p2b: Dondozo|Order Up|p1a: Posiden\n|-damage|p1a: Posiden|43\/100\n|-boost|p2b: Dondozo|atk|1\n|move|p1a: Posiden|Tailwind|p1a: Posiden\n|-sidestart|p1: greenlightdmp|move: Tailwind\n|\n|-weather|RainDance|[upkeep]\n|upkeep\n|turn|2\n|\n|t:|1733353981\n|switch|p1a: Hephetus|Archaludon, L50, F|100\/100\n|move|p1b: Thanotos|Flip Turn|p2b: Dondozo\n|-resisted|p2b: Dondozo\n|-damage|p2b: Dondozo|90\/100\n|\n|t:|1733353987\n|switch|p1b: Kratos|Dragonite, L50, M, shiny|100\/100|[from] Flip Turn\n|move|p2b: Dondozo|Order Up|p1a: Hephetus\n|-damage|p1a: Hephetus|57\/100\n|-ability|p1a: Hephetus|Stamina|boost\n|-boost|p1a: Hephetus|def|1\n|-boost|p2b: Dondozo|atk|1\n|\n|-weather|RainDance|[upkeep]\n|-heal|p2b: Dondozo|96\/100|[from] item: Leftovers\n|upkeep\n|turn|3\n|\n|t:|1733353997\n|-terastallize|p2b: Dondozo|Grass\n|move|p1b: Kratos|Haze|p1b: Kratos\n|-clearallboost\n|move|p1a: Hephetus|Electro Shot||[still]\n|-prepare|p1a: Hephetus|Electro Shot\n|-boost|p1a: Hephetus|spa|1\n|-anim|p1a: Hephetus|Electro Shot|p2b: Dondozo\n|-resisted|p2b: Dondozo\n|-damage|p2b: Dondozo|74\/100\n|move|p2b: Dondozo|Order Up|p1b: Kratos\n|-supereffective|p1b: Kratos\n|-damage|p1b: Kratos|74\/100\n|-boost|p2b: Dondozo|atk|1\n|\n|-weather|RainDance|[upkeep]\n|-heal|p2b: Dondozo|80\/100|[from] item: Leftovers\n|upkeep\n|turn|4\n|inactive|greenlightdmp has 30 seconds left.\n|\n|t:|1733354027\n|-terastallize|p1b: Kratos|Normal\n|move|p1b: Kratos|Extreme Speed|p2b: Dondozo\n|-damage|p2b: Dondozo|47\/100\n|move|p1a: Hephetus|Draco Meteor|p2b: Dondozo\n|-damage|p2b: Dondozo|0 fnt\n|-unboost|p1a: Hephetus|spa|2\n|faint|p2b: Dondozo\n|\n|-weather|RainDance|[upkeep]\n|-sideend|p1: greenlightdmp|move: Tailwind\n|upkeep\n|\n|t:|1733354038\n|switch|p2b: Maushold|Maushold-Four, L50|100\/100\n|turn|5\n|\n|t:|1733354058\n|switch|p2a: Annihilape|Annihilape, L50, M, shiny|100\/100\n|move|p1b: Kratos|Protect|p1b: Kratos\n|-singleturn|p1b: Kratos|Protect\n|move|p2b: Maushold|Beat Up|p2a: Annihilape\n|-damage|p2a: Annihilape|99\/100\n|-damage|p2a: Annihilape|97\/100\n|-damage|p2a: Annihilape|95\/100\n|-hitcount|p2a: Annihilape|3\n|move|p1a: Hephetus|Electro Shot||[still]\n|-prepare|p1a: Hephetus|Electro Shot\n|-boost|p1a: Hephetus|spa|1\n|-anim|p1a: Hephetus|Electro Shot|p2a: Annihilape\n|-damage|p2a: Annihilape|68\/100\n|\n|-weather|none\n|upkeep\n|turn|6\n|inactive|greenlightdmp has 30 seconds left.\n|inactive|chiitancrazymascot has 30 seconds left.\n|inactive|greenlightdmp has 20 seconds left.\n|inactive|greenlightdmp has 15 seconds left.\n|inactive|chiitancrazymascot has 20 seconds left.\n|inactive|chiitancrazymascot has 15 seconds left.\n|inactive|chiitancrazymascot has 10 seconds left.\n|\n|t:|1733354111\n|move|p1b: Kratos|Extreme Speed|p2b: Maushold\n|-damage|p2b: Maushold|38\/100\n|move|p2b: Maushold|Beat Up|p1b: Kratos\n|-damage|p1b: Kratos|70\/100\n|-damage|p1b: Kratos|67\/100\n|-damage|p1b: Kratos|65\/100\n|-hitcount|p1b: Kratos|3\n|move|p2a: Annihilape|Drain Punch|p1b: Kratos\n|-supereffective|p1b: Kratos\n|-damage|p1b: Kratos|0 fnt\n|-heal|p2a: Annihilape|93\/100|[from] drain|[of] p1b: Kratos\n|faint|p1b: Kratos\n|move|p1a: Hephetus|Body Press|p2b: Maushold\n|-supereffective|p2b: Maushold\n|-crit|p2b: Maushold\n|-damage|p2b: Maushold|0 fnt\n|faint|p2b: Maushold\n|\n|upkeep\n|\n|t:|1733354126\n|switch|p2b: Tatsugiri|Tatsugiri, L50, M, shiny|100\/100\n|switch|p1b: Thanotos|Basculegion, L50, M|100\/100\n|turn|7\n|\n|t:|1733354146\n|switch|p1b: Posiden|Pelipper, L50, M|43\/100\n|-weather|RainDance|[from] ability: Drizzle|[of] p1b: Posiden\n|move|p2a: Annihilape|Protect|p2a: Annihilape\n|-singleturn|p2a: Annihilape|Protect\n|move|p2b: Tatsugiri|Draco Meteor|p1b: Posiden\n|-damage|p1b: Posiden|0 fnt\n|-unboost|p2b: Tatsugiri|spa|2\n|faint|p1b: Posiden\n|move|p1a: Hephetus|Draco Meteor|p2b: Tatsugiri\n|-supereffective|p2b: Tatsugiri\n|-damage|p2b: Tatsugiri|0 fnt\n|-unboost|p1a: Hephetus|spa|2\n|faint|p2b: Tatsugiri\n|\n|-weather|RainDance|[upkeep]\n|upkeep\n|\n|t:|1733354160\n|switch|p1b: Thanotos|Basculegion, L50, M|100\/100\n|turn|8\n|\n|t:|1733354167\n|move|p1b: Thanotos|Last Respects|p2a: Annihilape\n|-supereffective|p2a: Annihilape\n|-damage|p2a: Annihilape|0 fnt\n|faint|p2a: Annihilape\n|\n|win|greenlightdmp\n|raw|greenlightdmp's rating: 1677 &rarr; <strong>1704<\/strong><br \/>(+27 for winning)\n|raw|chiitancrazymascot's rating: 1810 &rarr; <strong>1783<\/strong><br \/>(-27 for losing)\n|l|\u2606chiitancrazymascot\n|player|p2|\n|l|\u2606greenlightdmp\n|player|p1|\n|l| Alex_50505\n","uploadtime":1733354362,"views":29,"formatid":"gen9vgc2024regh","rating":1704,"private":0,"password":null}