{"id":"gen9vgc2024regh-2256632065","format":"[Gen 9] VGC 2024 Reg H","players":["Slackermaru","greenlightdmp"],"log":"|j|\u2606Slackermaru\n|j|\u2606greenlightdmp\n|t:|1733329313\n|gametype|doubles\n|player|p1|Slackermaru|workerice|1695\n|player|p2|greenlightdmp|2|1705\n|teamsize|p1|6\n|teamsize|p2|6\n|gen|9\n|tier|[Gen 9] VGC 2024 Reg H\n|rated|\n|rule|Species Clause: Limit one of each Pok\u00e9mon\n|rule|Item Clause: Limit 1 of each item\n|clearpoke\n|poke|p1|Ursaluna, L50, F|\n|poke|p1|Porygon2, L50|\n|poke|p1|Incineroar, L50, M|\n|poke|p1|Vivillon-Fancy, L50, F|\n|poke|p1|Archaludon, L50, F|\n|poke|p1|Sneasler, L50, F|\n|poke|p2|Pelipper, L50, M|\n|poke|p2|Archaludon, L50, F|\n|poke|p2|Sneasler, L50, F|\n|poke|p2|Dragonite, L50, F|\n|poke|p2|Basculegion, L50, M|\n|poke|p2|Rillaboom, L50, F|\n|teampreview|4\n|inactive|Battle timer is ON: inactive players will automatically lose when time's up. (requested by greenlightdmp)\n|inactive|greenlightdmp has 60 seconds left.\n|\n|t:|1733329373\n|start\n|switch|p1a: Vivillon|Vivillon-Fancy, L50, F|100\/100\n|switch|p1b: Archaludon|Archaludon, L50, F|100\/100\n|switch|p2a: Ceasar|Rillaboom, L50, F|100\/100\n|switch|p2b: Hephetus|Archaludon, L50, F|100\/100\n|-fieldstart|move: Grassy Terrain|[from] ability: Grassy Surge|[of] p2a: Ceasar\n|turn|1\n|\n|t:|1733329395\n|move|p1a: Vivillon|Protect|p1a: Vivillon\n|-singleturn|p1a: Vivillon|Protect\n|move|p1b: Archaludon|Protect|p1b: Archaludon\n|-singleturn|p1b: Archaludon|Protect\n|move|p2a: Ceasar|Taunt|p1a: Vivillon\n|-activate|p1a: Vivillon|move: Protect\n|move|p2b: Hephetus|Flash Cannon|p1a: Vivillon\n|-activate|p1a: Vivillon|move: Protect\n|\n|upkeep\n|turn|2\n|j| mpudi\n|j| SerseCosmiVGC\n|\n|t:|1733329420\n|-terastallize|p2b: Hephetus|Grass\n|move|p1a: Vivillon|Sleep Powder|p2b: Hephetus\n|-immune|p2b: Hephetus\n|move|p1b: Archaludon|Dragon Pulse|p2a: Ceasar\n|-damage|p2a: Ceasar|60\/100\n|move|p2a: Ceasar|Bullet Seed|p2b: Hephetus\n|-resisted|p2b: Hephetus\n|-damage|p2b: Hephetus|94\/100\n|-ability|p2b: Hephetus|Stamina|boost\n|-boost|p2b: Hephetus|def|1\n|-resisted|p2b: Hephetus\n|-damage|p2b: Hephetus|91\/100\n|-ability|p2b: Hephetus|Stamina|boost\n|-boost|p2b: Hephetus|def|1\n|-resisted|p2b: Hephetus\n|-damage|p2b: Hephetus|89\/100\n|-ability|p2b: Hephetus|Stamina|boost\n|-boost|p2b: Hephetus|def|1\n|-resisted|p2b: Hephetus\n|-damage|p2b: Hephetus|87\/100\n|-ability|p2b: Hephetus|Stamina|boost\n|-boost|p2b: Hephetus|def|1\n|-resisted|p2b: Hephetus\n|-damage|p2b: Hephetus|85\/100\n|-ability|p2b: Hephetus|Stamina|boost\n|-boost|p2b: Hephetus|def|1\n|-hitcount|p2b: Hephetus|5\n|move|p2b: Hephetus|Body Press|p1b: Archaludon\n|-supereffective|p1b: Archaludon\n|-ability|p1b: Archaludon|Sturdy\n|-damage|p1b: Archaludon|1\/100\n|\n|-heal|p1b: Archaludon|7\/100|[from] Grassy Terrain\n|-heal|p2a: Ceasar|66\/100|[from] Grassy Terrain\n|-heal|p2b: Hephetus|91\/100|[from] Grassy Terrain\n|upkeep\n|turn|3\n|inactive|Slackermaru has 30 seconds left.\n|inactive|greenlightdmp has 30 seconds left.\n|inactive|Slackermaru has 20 seconds left.\n|inactive|greenlightdmp has 20 seconds left.\n|\n|t:|1733329459\n|move|p1b: Archaludon|Protect|p1b: Archaludon\n|-singleturn|p1b: Archaludon|Protect\n|move|p2a: Ceasar|Grassy Glide|p1a: Vivillon\n|-resisted|p1a: Vivillon\n|-damage|p1a: Vivillon|84\/100\n|move|p1a: Vivillon|Hurricane|p2b: Hephetus\n|-supereffective|p2b: Hephetus\n|-damage|p2b: Hephetus|20\/100\n|-ability|p2b: Hephetus|Stamina|boost\n|-boost|p2b: Hephetus|def|1\n|move|p2b: Hephetus|Flash Cannon|p1a: Vivillon\n|-crit|p1a: Vivillon\n|-damage|p1a: Vivillon|0 fnt\n|faint|p1a: Vivillon\n|\n|-heal|p1b: Archaludon|13\/100|[from] Grassy Terrain\n|-heal|p2a: Ceasar|72\/100|[from] Grassy Terrain\n|-heal|p2b: Hephetus|26\/100|[from] Grassy Terrain\n|upkeep\n|\n|t:|1733329476\n|switch|p1a: Incineroar|Incineroar, L50, M|100\/100\n|-ability|p1a: Incineroar|Intimidate|boost\n|-unboost|p2a: Ceasar|atk|1\n|-unboost|p2b: Hephetus|atk|1\n|turn|4\n|\n|t:|1733329495\n|move|p1b: Archaludon|Dragon Pulse|p2b: Hephetus\n|-damage|p2b: Hephetus|0 fnt\n|faint|p2b: Hephetus\n|move|p2a: Ceasar|Bullet Seed|p1b: Archaludon\n|-resisted|p1b: Archaludon\n|-damage|p1b: Archaludon|11\/100\n|-resisted|p1b: Archaludon\n|-damage|p1b: Archaludon|8\/100\n|-resisted|p1b: Archaludon\n|-damage|p1b: Archaludon|7\/100\n|-resisted|p1b: Archaludon\n|-damage|p1b: Archaludon|5\/100\n|-hitcount|p1b: Archaludon|4\n|move|p1a: Incineroar|Knock Off|p2a: Ceasar\n|-damage|p2a: Ceasar|31\/100\n|-enditem|p2a: Ceasar|Loaded Dice|[from] move: Knock Off|[of] p1a: Incineroar\n|\n|-heal|p1b: Archaludon|11\/100|[from] Grassy Terrain\n|-heal|p2a: Ceasar|37\/100|[from] Grassy Terrain\n|upkeep\n|\n|t:|1733329513\n|switch|p2b: Kratos|Dragonite, L50, F, shiny|100\/100\n|turn|5\n|\n|t:|1733329526\n|switch|p1b: Porygon2|Porygon2, L50|100\/100\n|-ability|p1b: Porygon2|Download|boost\n|-boost|p1b: Porygon2|spa|1\n|switch|p2a: Posiden|Pelipper, L50, M|100\/100\n|-weather|RainDance|[from] ability: Drizzle|[of] p2a: Posiden\n|move|p2b: Kratos|Stomping Tantrum|p1b: Porygon2\n|-damage|p1b: Porygon2|81\/100\n|move|p1a: Incineroar|U-turn|p2b: Kratos\n|-resisted|p2b: Kratos\n|-damage|p2b: Kratos|95\/100\n|\n|t:|1733329538\n|switch|p1a: Archaludon|Archaludon, L50, F|11\/100|[from] U-turn\n|\n|-weather|RainDance|[upkeep]\n|-heal|p1a: Archaludon|17\/100|[from] Grassy Terrain\n|-heal|p1b: Porygon2|87\/100|[from] Grassy Terrain\n|-fieldend|move: Grassy Terrain\n|upkeep\n|turn|6\n|l| SerseCosmiVGC\n|\n|t:|1733329561\n|move|p1a: Archaludon|Dragon Pulse|p2b: Kratos\n|-supereffective|p2b: Kratos\n|-damage|p2b: Kratos|0 fnt\n|faint|p2b: Kratos\n|move|p2a: Posiden|Weather Ball|p1b: Porygon2\n|-damage|p1b: Porygon2|53\/100\n|move|p1b: Porygon2|Trick Room|p1b: Porygon2\n|-fieldstart|move: Trick Room|[of] p1b: Porygon2\n|\n|-weather|RainDance|[upkeep]\n|upkeep\n|\n|t:|1733329568\n|switch|p2b: Ceasar|Rillaboom, L50, F|37\/100\n|-fieldstart|move: Grassy Terrain|[from] ability: Grassy Surge|[of] p2b: Ceasar\n|turn|7\n|\n|t:|1733329582\n|move|p2b: Ceasar|Fake Out|p1b: Porygon2\n|-crit|p1b: Porygon2\n|-damage|p1b: Porygon2|41\/100\n|cant|p1b: Porygon2|flinch\n|move|p2a: Posiden|Weather Ball|p1b: Porygon2\n|-damage|p1b: Porygon2|6\/100\n|move|p1a: Archaludon|Thunderbolt|p2a: Posiden\n|-supereffective|p2a: Posiden\n|-enditem|p2a: Posiden|Focus Sash\n|-damage|p2a: Posiden|1\/100\n|-status|p2a: Posiden|par\n|\n|-weather|RainDance|[upkeep]\n|-heal|p1b: Porygon2|12\/100|[from] Grassy Terrain\n|-heal|p2b: Ceasar|43\/100|[from] Grassy Terrain\n|-heal|p1a: Archaludon|23\/100|[from] Grassy Terrain\n|upkeep\n|turn|8\n|inactive|Slackermaru has 30 seconds left.\n|\n|t:|1733329609\n|move|p1a: Archaludon|Protect|p1a: Archaludon\n|-singleturn|p1a: Archaludon|Protect\n|move|p2b: Ceasar|Grassy Glide|p1b: Porygon2\n|-damage|p1b: Porygon2|0 fnt\n|faint|p1b: Porygon2\n|move|p2a: Posiden|Weather Ball|p1a: Archaludon\n|-activate|p1a: Archaludon|move: Protect\n|\n|-weather|RainDance|[upkeep]\n|-heal|p2b: Ceasar|48\/100|[from] Grassy Terrain\n|-heal|p1a: Archaludon|29\/100|[from] Grassy Terrain\n|upkeep\n|\n|t:|1733329620\n|switch|p1b: Incineroar|Incineroar, L50, M|100\/100\n|-ability|p1b: Incineroar|Intimidate|boost\n|-unboost|p2a: Posiden|atk|1\n|-unboost|p2b: Ceasar|atk|1\n|turn|9\n|inactive|greenlightdmp has 30 seconds left.\n|\n|t:|1733329649\n|cant|p2a: Posiden|par\n|move|p1b: Incineroar|Fake Out|p2a: Posiden\n|-damage|p2a: Posiden|0 fnt\n|faint|p2a: Posiden\n|move|p2b: Ceasar|Bullet Seed|p1a: Archaludon\n|-resisted|p1a: Archaludon\n|-damage|p1a: Archaludon|27\/100\n|-resisted|p1a: Archaludon\n|-damage|p1a: Archaludon|25\/100\n|-resisted|p1a: Archaludon\n|-damage|p1a: Archaludon|22\/100\n|-resisted|p1a: Archaludon\n|-damage|p1a: Archaludon|20\/100\n|-resisted|p1a: Archaludon\n|-damage|p1a: Archaludon|18\/100\n|-hitcount|p1a: Archaludon|5\n|move|p1a: Archaludon|Dragon Pulse|p2b: Ceasar\n|-damage|p2b: Ceasar|9\/100\n|\n|-weather|none\n|-heal|p2b: Ceasar|15\/100|[from] Grassy Terrain\n|-heal|p1a: Archaludon|24\/100|[from] Grassy Terrain\n|upkeep\n|turn|10\n|-message|greenlightdmp forfeited.\n|\n|win|Slackermaru\n|raw|Slackermaru's rating: 1695 &rarr; <strong>1716<\/strong><br \/>(+21 for winning)\n|raw|greenlightdmp's rating: 1705 &rarr; <strong>1684<\/strong><br \/>(-21 for losing)\n|l|\u2606greenlightdmp\n|player|p2|\n|l|\u2606Slackermaru\n|player|p1|\n|l| mpudi\n","uploadtime":1733329892,"views":6,"formatid":"gen9vgc2024regh","rating":1684,"private":0,"password":null}