{"id":"gen9vgc2024regh-2256694622","format":"[Gen 9] VGC 2024 Reg H","players":["Slackermaru","actuary97"],"log":"|j|\u2606Slackermaru\n|j|\u2606actuary97\n|t:|1733335268\n|gametype|doubles\n|player|p1|Slackermaru|workerice|1771\n|player|p2|actuary97|sabrina-frlg|1826\n|teamsize|p1|6\n|teamsize|p2|6\n|gen|9\n|tier|[Gen 9] VGC 2024 Reg H\n|rated|\n|rule|Species Clause: Limit one of each Pok\u00e9mon\n|rule|Item Clause: Limit 1 of each item\n|clearpoke\n|poke|p1|Ursaluna, L50, M|\n|poke|p1|Porygon2, L50|\n|poke|p1|Incineroar, L50, F|\n|poke|p1|Vivillon-Fancy, L50, M|\n|poke|p1|Archaludon, L50, F|\n|poke|p1|Primarina, L50, F|\n|poke|p2|Whimsicott, L50, F|\n|poke|p2|Gallade, L50, M|\n|poke|p2|Archaludon, L50, F|\n|poke|p2|Malamar, L50, F|\n|poke|p2|Indeedee, L50, M|\n|poke|p2|Drifblim, L50, M|\n|teampreview|4\nactuary97 has agreed to open team sheets.\n|\n|t:|1733335326\n|start\n|switch|p1a: Vivillon|Vivillon-Fancy, L50, M|100\/100\n|switch|p1b: Archaludon|Archaludon, L50, F|100\/100\n|switch|p2a: Tapu Deedee|Indeedee, L50, M, shiny|100\/100\n|switch|p2b: \u2694\ufe0fKing\u2694\ufe0f|Gallade, L50, M, shiny|100\/100\n|-fieldstart|move: Psychic Terrain|[from] ability: Psychic Surge|[of] p2a: Tapu Deedee\n|turn|1\n|\n|t:|1733335344\n|-terastallize|p2b: \u2694\ufe0fKing\u2694\ufe0f|Grass\n|move|p1b: Archaludon|Protect|p1b: Archaludon\n|-singleturn|p1b: Archaludon|Protect\n|move|p1a: Vivillon|Tailwind|p1a: Vivillon\n|-sidestart|p1: Slackermaru|move: Tailwind\n|move|p2a: Tapu Deedee|Expanding Force|p1b: Archaludon|[spread] p1a\n|-activate|p1b: Archaludon|move: Protect\n|-enditem|p1a: Vivillon|Focus Sash\n|-damage|p1a: Vivillon|1\/100\n|move|p2b: \u2694\ufe0fKing\u2694\ufe0f|Psycho Cut|p1a: Vivillon\n|-damage|p1a: Vivillon|0 fnt\n|faint|p1a: Vivillon\n|\n|upkeep\n|\n|t:|1733335370\n|switch|p1a: Ursaluna|Ursaluna, L50, M|100\/100\n|turn|2\n|j| namekaze\n|j| Meditate Golisopod\n|j| kyo9t\n|\n|t:|1733335404\n|switch|p2a: Happy Thanksgiving|Drifblim, L50, M, shiny|100\/100\n|-enditem|p2a: Happy Thanksgiving|Psychic Seed\n|-boost|p2a: Happy Thanksgiving|spd|1|[from] item: Psychic Seed\n|-terastallize|p1b: Archaludon|Electric\n|move|p1a: Ursaluna|Protect|p1a: Ursaluna\n|-singleturn|p1a: Ursaluna|Protect\n|move|p2b: \u2694\ufe0fKing\u2694\ufe0f|Protect|p2b: \u2694\ufe0fKing\u2694\ufe0f\n|-singleturn|p2b: \u2694\ufe0fKing\u2694\ufe0f|Protect\n|move|p1b: Archaludon|Electro Shot||[still]\n|-prepare|p1b: Archaludon|Electro Shot\n|-boost|p1b: Archaludon|spa|1\n|-enditem|p1b: Archaludon|Power Herb\n|-anim|p1b: Archaludon|Electro Shot|p2a: Happy Thanksgiving\n|-supereffective|p2a: Happy Thanksgiving\n|-damage|p2a: Happy Thanksgiving|0 fnt\n|faint|p2a: Happy Thanksgiving\n|\n|-status|p1a: Ursaluna|brn|[from] item: Flame Orb\n|upkeep\n|\n|t:|1733335424\n|switch|p2a: Bridget|Archaludon, L50, F, shiny|100\/100\n|turn|3\n|\n|t:|1733335441\n|switch|p2b: Tapu Deedee|Indeedee, L50, M, shiny|100\/100\n|move|p1b: Archaludon|Dragon Pulse|p2b: Tapu Deedee\n|-damage|p2b: Tapu Deedee|19\/100\n|move|p1a: Ursaluna|Facade|p2b: Tapu Deedee\n|-damage|p2b: Tapu Deedee|0 fnt\n|faint|p2b: Tapu Deedee\n|move|p2a: Bridget|Snarl|p1b: Archaludon|[spread] p1a,p1b\n|-damage|p1a: Ursaluna|89\/100 brn\n|-damage|p1b: Archaludon|82\/100\n|-unboost|p1a: Ursaluna|spa|1\n|-unboost|p1b: Archaludon|spa|1\n|\n|-damage|p1a: Ursaluna|82\/100 brn|[from] brn\n|upkeep\n|\n|t:|1733335448\n|switch|p2b: \u2694\ufe0fKing\u2694\ufe0f|Gallade, L50, M, shiny, tera:Grass|100\/100\n|turn|4\n|\n|t:|1733335466\n|move|p1b: Archaludon|Dragon Pulse|p2b: \u2694\ufe0fKing\u2694\ufe0f\n|-damage|p2b: \u2694\ufe0fKing\u2694\ufe0f|52\/100\n|move|p1a: Ursaluna|Headlong Rush|p2a: Bridget\n|-supereffective|p2a: Bridget\n|-damage|p2a: Bridget|0 fnt\n|-unboost|p1a: Ursaluna|def|1\n|-unboost|p1a: Ursaluna|spd|1\n|faint|p2a: Bridget\n|move|p2b: \u2694\ufe0fKing\u2694\ufe0f|Leaf Blade|p1a: Ursaluna\n|-supereffective|p1a: Ursaluna\n|-damage|p1a: Ursaluna|0 fnt\n|faint|p1a: Ursaluna\n|\n|-sideend|p1: Slackermaru|move: Tailwind\n|upkeep\n|\n|t:|1733335481\n|switch|p1a: Primarina|Primarina, L50, F|100\/100\n|turn|5\n|\n|t:|1733335493\n|move|p1b: Archaludon|Dragon Pulse|p2b: \u2694\ufe0fKing\u2694\ufe0f\n|-damage|p2b: \u2694\ufe0fKing\u2694\ufe0f|8\/100\n|move|p2b: \u2694\ufe0fKing\u2694\ufe0f|Psycho Cut|p1b: Archaludon\n|-crit|p1b: Archaludon\n|-damage|p1b: Archaludon|0 fnt\n|faint|p1b: Archaludon\n|move|p1a: Primarina|Moonblast|p2b: \u2694\ufe0fKing\u2694\ufe0f\n|-damage|p2b: \u2694\ufe0fKing\u2694\ufe0f|0 fnt\n|faint|p2b: \u2694\ufe0fKing\u2694\ufe0f\n|-damage|p1a: Primarina|91\/100|[from] item: Life Orb\n|\n|win|Slackermaru\n|raw|Slackermaru's rating: 1771 &rarr; <strong>1794<\/strong><br \/>(+23 for winning)\n|raw|actuary97's rating: 1826 &rarr; <strong>1803<\/strong><br \/>(-23 for losing)\n|c|\u2606actuary97|gg\n|c|\u2606Slackermaru|gg\n|l|\u2606actuary97\n|player|p2|\n|l|\u2606Slackermaru\n|player|p1|\n|j|\u2606actuary97\n|player|p2|actuary97|sabrina-frlg|\n|l|\u2606actuary97\n|player|p2|\n|j|\u2606actuary97\n|player|p2|actuary97|sabrina-frlg|\n|l|\u2606actuary97\n|player|p2|\n","uploadtime":1733335638,"views":20,"formatid":"gen9vgc2024regh","rating":1794,"private":0,"password":null}