{"id":"gen9vgc2024regh-2256327090","format":"[Gen 9] VGC 2024 Reg H","players":["Shnipe_Cizy","Spottedwoot"],"log":"|j|\u2606Shnipe_Cizy\n|j|\u2606Spottedwoot\n|t:|1733283821\n|gametype|doubles\n|player|p1|Shnipe_Cizy|2|1696\n|player|p2|Spottedwoot|102|1789\n|teamsize|p1|6\n|teamsize|p2|6\n|gen|9\n|tier|[Gen 9] VGC 2024 Reg H\n|rated|\n|rule|Species Clause: Limit one of each Pok\u00e9mon\n|rule|Item Clause: Limit 1 of each item\n|clearpoke\n|poke|p1|Murkrow, L50, M|\n|poke|p1|Ursaluna, L50, F|\n|poke|p1|Ninetales-Alola, L50, F|\n|poke|p1|Espathra, L50, M|\n|poke|p1|Sneasler, L50, F|\n|poke|p1|Indeedee, L50, M|\n|poke|p2|Pelipper, L50, F|\n|poke|p2|Archaludon, L50, F|\n|poke|p2|Gholdengo, L50|\n|poke|p2|Basculegion, L50, M|\n|poke|p2|Rillaboom, L50, F|\n|poke|p2|Sneasler, L50, F|\n|teampreview|4\n|inactive|Battle timer is ON: inactive players will automatically lose when time's up. (requested by Spottedwoot)\n|\n|t:|1733283857\n|start\n|switch|p1a: Sneasler|Sneasler, L50, F, shiny|100\/100\n|switch|p1b: Indeedee|Indeedee, L50, M|100\/100\n|switch|p2a: Sneasler|Sneasler, L50, F|100\/100\n|switch|p2b: Gholdengo|Gholdengo, L50|100\/100\n|-fieldstart|move: Psychic Terrain|[from] ability: Psychic Surge|[of] p1b: Indeedee\n|-enditem|p1a: Sneasler|Psychic Seed\n|-boost|p1a: Sneasler|spd|1|[from] item: Psychic Seed\n|turn|1\n|inactive|Spottedwoot has 30 seconds left.\n|\n|t:|1733283893\n|-terastallize|p1a: Sneasler|Dark\n|-terastallize|p2b: Gholdengo|Steel\n|move|p1a: Sneasler|Throat Chop|p2b: Gholdengo\n|-damage|p2b: Gholdengo|53\/100\n|-start|p2b: Gholdengo|Throat Chop|[silent]\n|move|p2a: Sneasler|Close Combat|p1a: Sneasler\n|-supereffective|p1a: Sneasler\n|-damage|p1a: Sneasler|0 fnt\n|-unboost|p2a: Sneasler|def|1\n|-unboost|p2a: Sneasler|spd|1\n|faint|p1a: Sneasler\n|move|p1b: Indeedee|Expanding Force|p2b: Gholdengo|[spread] p2a,p2b\n|-supereffective|p2a: Sneasler\n|-resisted|p2b: Gholdengo\n|-enditem|p2a: Sneasler|Focus Sash\n|-damage|p2a: Sneasler|1\/100\n|-damage|p2b: Gholdengo|25\/100\n|move|p2b: Gholdengo|Make It Rain|p1b: Indeedee\n|-enditem|p1b: Indeedee|Focus Sash\n|-damage|p1b: Indeedee|1\/100\n|-unboost|p2b: Gholdengo|spa|1\n|-damage|p2b: Gholdengo|15\/100|[from] item: Life Orb\n|\n|upkeep\n|\n|t:|1733283902\n|switch|p1a: Espathra|Espathra, L50, M, shiny|100\/100\n|turn|2\n|\n|t:|1733283911\n|move|p1a: Espathra|Protect|p1a: Espathra\n|-singleturn|p1a: Espathra|Protect\n|move|p2a: Sneasler|Dire Claw|p1b: Indeedee\n|-damage|p1b: Indeedee|0 fnt\n|faint|p1b: Indeedee\n|move|p2b: Gholdengo|Shadow Ball|p1a: Espathra\n|-activate|p1a: Espathra|move: Protect\n|\n|-end|p2b: Gholdengo|Throat Chop|[silent]\n|-ability|p1a: Espathra|Speed Boost|boost\n|-boost|p1a: Espathra|spe|1\n|upkeep\n|\n|t:|1733283914\n|switch|p1b: Ninetales|Ninetales-Alola, L50, F, shiny|100\/100\n|-weather|Snow|[from] ability: Snow Warning|[of] p1b: Ninetales\n|turn|3\n|\n|t:|1733283918\n|move|p2a: Sneasler|Dire Claw|p1b: Ninetales\n|-supereffective|p1b: Ninetales\n|-damage|p1b: Ninetales|11\/100\n|-status|p1b: Ninetales|slp\n|move|p1a: Espathra|Expanding Force|p2b: Gholdengo|[spread] p2a,p2b\n|-supereffective|p2a: Sneasler\n|-resisted|p2b: Gholdengo\n|-damage|p2a: Sneasler|0 fnt\n|-damage|p2b: Gholdengo|0 fnt\n|faint|p2a: Sneasler\n|faint|p2b: Gholdengo\n|cant|p1b: Ninetales|slp\n|\n|-weather|Snow|[upkeep]\n|-ability|p1a: Espathra|Speed Boost|boost\n|-boost|p1a: Espathra|spe|1\n|upkeep\n|\n|t:|1733283924\n|switch|p2a: Basculegion|Basculegion, L50, M|100\/100\n|switch|p2b: Pelipper|Pelipper, L50, F|100\/100\n|-weather|RainDance|[from] ability: Drizzle|[of] p2b: Pelipper\n|turn|4\n|\n|t:|1733283937\n|move|p1a: Espathra|Expanding Force|p2a: Basculegion|[spread] p2a,p2b\n|-damage|p2a: Basculegion|22\/100\n|-damage|p2b: Pelipper|0 fnt\n|faint|p2b: Pelipper\n|move|p2a: Basculegion|Last Respects|p1a: Espathra\n|-supereffective|p1a: Espathra\n|-damage|p1a: Espathra|0 fnt\n|faint|p1a: Espathra\n|cant|p1b: Ninetales|slp\n|\n|-weather|RainDance|[upkeep]\n|upkeep\n|turn|5\n|\n|t:|1733283946\n|move|p2a: Basculegion|Last Respects|p1b: Ninetales\n|-damage|p1b: Ninetales|0 fnt\n|faint|p1b: Ninetales\n|\n|win|Spottedwoot\n|raw|Shnipe_Cizy's rating: 1696 &rarr; <strong>1681<\/strong><br \/>(-15 for losing)\n|raw|Spottedwoot's rating: 1789 &rarr; <strong>1804<\/strong><br \/>(+15 for winning)\n","uploadtime":1733283948,"views":29,"formatid":"gen9vgc2024regh","rating":1681,"private":0,"password":null}