{"id":"gen9vgc2024regh-2256557573","format":"[Gen 9] VGC 2024 Reg H","players":["Shnipe_Cizy","yongbao"],"log":"|j|\u2606Shnipe_Cizy\n|j|\u2606yongbao\n|t:|1733321695\n|gametype|doubles\n|player|p1|Shnipe_Cizy|leaf-masters|1706\n|player|p2|yongbao|dawn-gen4pt|1716\n|teamsize|p1|6\n|teamsize|p2|6\n|gen|9\n|tier|[Gen 9] VGC 2024 Reg H\n|rated|\n|rule|Species Clause: Limit one of each Pok\u00e9mon\n|rule|Item Clause: Limit 1 of each item\n|clearpoke\n|poke|p1|Murkrow, L50, M|\n|poke|p1|Ursaluna, L50, F|\n|poke|p1|Ninetales-Alola, L50, F|\n|poke|p1|Espathra, L50, M|\n|poke|p1|Sneasler, L50, M|\n|poke|p1|Indeedee, L50, M|\n|poke|p2|Archaludon, L50, F|\n|poke|p2|Sinistcha-Masterpiece, L50|\n|poke|p2|Volcarona, L50, F|\n|poke|p2|Annihilape, L50, M|\n|poke|p2|Whimsicott, L50, M|\n|poke|p2|Pelipper, L50, M|\n|teampreview|4\n|inactive|Battle timer is ON: inactive players will automatically lose when time's up. (requested by Shnipe_Cizy)\n|\n|t:|1733321766\n|start\n|switch|p1a: Murkrow|Murkrow, L50, M|100\/100\n|switch|p1b: Ursaluna|Ursaluna, L50, F|100\/100\n|switch|p2a: Whimsicott|Whimsicott, L50, M|100\/100\n|switch|p2b: Pelipper|Pelipper, L50, M|100\/100\n|-weather|RainDance|[from] ability: Drizzle|[of] p2b: Pelipper\n|turn|1\n|\n|t:|1733321788\n|switch|p2b: Archaludon|Archaludon, L50, F|100\/100\n|move|p1b: Ursaluna|Protect|p1b: Ursaluna\n|-singleturn|p1b: Ursaluna|Protect\n|move|p1a: Murkrow|Tailwind|p1a: Murkrow\n|-sidestart|p1: Shnipe_Cizy|move: Tailwind\n|move|p2a: Whimsicott|Beat Up|p2b: Archaludon\n|-damage|p2b: Archaludon|99\/100\n|-ability|p2b: Archaludon|Stamina|boost\n|-boost|p2b: Archaludon|def|1\n|-damage|p2b: Archaludon|97\/100\n|-ability|p2b: Archaludon|Stamina|boost\n|-boost|p2b: Archaludon|def|1\n|-damage|p2b: Archaludon|96\/100\n|-ability|p2b: Archaludon|Stamina|boost\n|-boost|p2b: Archaludon|def|1\n|-damage|p2b: Archaludon|95\/100\n|-ability|p2b: Archaludon|Stamina|boost\n|-boost|p2b: Archaludon|def|1\n|-hitcount|p2b: Archaludon|4\n|\n|-weather|RainDance|[upkeep]\n|-status|p1b: Ursaluna|brn|[from] item: Flame Orb\n|upkeep\n|turn|2\n|inactive|yongbao has 30 seconds left.\n|inactive|yongbao has 20 seconds left.\n|\n|t:|1733321826\n|switch|p1a: Indeedee|Indeedee, L50, M|100\/100\n|-fieldstart|move: Psychic Terrain|[from] ability: Psychic Surge|[of] p1a: Indeedee\n|-terastallize|p1b: Ursaluna|Ground\n|-terastallize|p2b: Archaludon|Fairy\n|move|p2a: Whimsicott|Tailwind|p2a: Whimsicott\n|-sidestart|p2: yongbao|move: Tailwind\n|move|p2b: Archaludon|Body Press|p1a: Indeedee\n|-enditem|p1a: Indeedee|Focus Sash\n|-damage|p1a: Indeedee|1\/100\n|move|p1b: Ursaluna|Headlong Rush|p2b: Archaludon\n|-damage|p2b: Archaludon|62\/100\n|-unboost|p1b: Ursaluna|def|1\n|-unboost|p1b: Ursaluna|spd|1\n|-ability|p2b: Archaludon|Stamina|boost\n|-boost|p2b: Archaludon|def|1\n|\n|-weather|RainDance|[upkeep]\n|-damage|p1b: Ursaluna|95\/100 brn|[from] brn\n|upkeep\n|turn|3\n|\n|t:|1733321848\n|switch|p1b: Murkrow|Murkrow, L50, M|100\/100\n|move|p2a: Whimsicott|Moonblast|p1a: Indeedee\n|-damage|p1a: Indeedee|0 fnt\n|faint|p1a: Indeedee\n|move|p2b: Archaludon|Body Press|p1b: Murkrow\n|-damage|p1b: Murkrow|31\/100\n|\n|-weather|RainDance|[upkeep]\n|upkeep\n|\n|t:|1733321853\n|switch|p1a: Sneasler|Sneasler, L50, M, shiny|100\/100\n|-enditem|p1a: Sneasler|Psychic Seed\n|-boost|p1a: Sneasler|spd|1|[from] item: Psychic Seed\n|turn|4\n|\n|t:|1733321873\n|move|p1a: Sneasler|Dire Claw|p2a: Whimsicott\n|-supereffective|p2a: Whimsicott\n|-enditem|p2a: Whimsicott|Focus Sash\n|-damage|p2a: Whimsicott|1\/100\n|move|p2a: Whimsicott|Moonblast|p1b: Murkrow\n|-supereffective|p1b: Murkrow\n|-damage|p1b: Murkrow|0 fnt\n|faint|p1b: Murkrow\n|move|p2b: Archaludon|Body Press|p1a: Sneasler\n|-resisted|p1a: Sneasler\n|-damage|p1a: Sneasler|27\/100\n|\n|-weather|RainDance|[upkeep]\n|-sideend|p1: Shnipe_Cizy|move: Tailwind\n|upkeep\n|\n|t:|1733321878\n|switch|p1b: Ursaluna|Ursaluna, L50, F, tera:Ground|95\/100 brn\n|turn|5\n|\n|t:|1733321895\n|move|p2a: Whimsicott|Moonblast|p1a: Sneasler\n|-damage|p1a: Sneasler|0 fnt\n|faint|p1a: Sneasler\n|move|p2b: Archaludon|Body Press|p1b: Ursaluna\n|-damage|p1b: Ursaluna|24\/100 brn\n|move|p1b: Ursaluna|Headlong Rush|p2b: Archaludon\n|-damage|p2b: Archaludon|34\/100\n|-unboost|p1b: Ursaluna|def|1\n|-unboost|p1b: Ursaluna|spd|1\n|-ability|p2b: Archaludon|Stamina|boost\n|-boost|p2b: Archaludon|def|1\n|\n|-weather|none\n|-damage|p1b: Ursaluna|18\/100 brn|[from] brn\n|-sideend|p2: yongbao|move: Tailwind\n|upkeep\n|turn|6\n|-message|Shnipe_Cizy forfeited.\n|\n|win|yongbao\n|raw|Shnipe_Cizy's rating: 1706 &rarr; <strong>1687<\/strong><br \/>(-19 for losing)\n|raw|yongbao's rating: 1716 &rarr; <strong>1735<\/strong><br \/>(+19 for winning)\n|l|\u2606yongbao\n|player|p2|\n|l|\u2606Shnipe_Cizy\n|player|p1|\n","uploadtime":1733321901,"views":37,"formatid":"gen9vgc2024regh","rating":1687,"private":0,"password":null}