{"id":"gen9vgc2024regh-2256626494","format":"[Gen 9] VGC 2024 Reg H","players":["Shnipe_Cizy","IsabellaPasquale"],"log":"|j|\u2606Shnipe_Cizy\n|j|\u2606IsabellaPasquale\n|t:|1733328767\n|gametype|doubles\n|player|p1|Shnipe_Cizy|leaf-masters|1690\n|player|p2|IsabellaPasquale|gentleman-gen1|1798\n|teamsize|p1|6\n|teamsize|p2|6\n|gen|9\n|tier|[Gen 9] VGC 2024 Reg H\n|rated|\n|rule|Species Clause: Limit one of each Pok\u00e9mon\n|rule|Item Clause: Limit 1 of each item\n|clearpoke\n|poke|p1|Murkrow, L50, F|\n|poke|p1|Ursaluna, L50, M|\n|poke|p1|Ninetales-Alola, L50, M|\n|poke|p1|Espathra, L50, F|\n|poke|p1|Sneasler, L50, F|\n|poke|p1|Indeedee, L50, M|\n|poke|p2|Electabuzz, L50, F|\n|poke|p2|Archaludon, L50, F|\n|poke|p2|Ninetales-Alola, L50, M|\n|poke|p2|Rillaboom, L50, F|\n|poke|p2|Armarouge, L50, M|\n|poke|p2|Ursaluna-Bloodmoon, L50, M|\n|teampreview|4\n|inactive|Battle timer is ON: inactive players will automatically lose when time's up. (requested by Shnipe_Cizy)\n|\n|t:|1733328812\n|start\n|switch|p1a: Ninetales|Ninetales-Alola, L50, M, shiny|100\/100\n|switch|p1b: Sneasler|Sneasler, L50, F, shiny|100\/100\n|switch|p2a: Archaludon|Archaludon, L50, F|100\/100\n|switch|p2b: Armarouge|Armarouge, L50, M|100\/100\n|-weather|Snow|[from] ability: Snow Warning|[of] p1a: Ninetales\n|turn|1\n|j| eboli\n|inactive|Shnipe_Cizy has 30 seconds left.\n|\n|t:|1733328842\n|move|p2a: Archaludon|Protect|p2a: Archaludon\n|-singleturn|p2a: Archaludon|Protect\n|move|p1a: Ninetales|Freeze-Dry|p2b: Armarouge\n|-resisted|p2b: Armarouge\n|-damage|p2b: Armarouge|80\/100\n|-damage|p1a: Ninetales|91\/100|[from] item: Life Orb\n|move|p1b: Sneasler|Throat Chop|p2b: Armarouge\n|-supereffective|p2b: Armarouge\n|-damage|p2b: Armarouge|25\/100\n|-start|p2b: Armarouge|Throat Chop|[silent]\n|-enditem|p2b: Armarouge|Sitrus Berry|[eat]\n|-heal|p2b: Armarouge|50\/100|[from] item: Sitrus Berry\n|move|p2b: Armarouge|Trick Room|p2b: Armarouge\n|-fieldstart|move: Trick Room|[of] p2b: Armarouge\n|\n|-weather|Snow|[upkeep]\n|upkeep\n|turn|2\n|\n|t:|1733328859\n|move|p1b: Sneasler|Protect|p1b: Sneasler\n|-singleturn|p1b: Sneasler|Protect\n|move|p1a: Ninetales|Protect|p1a: Ninetales\n|-singleturn|p1a: Ninetales|Protect\n|move|p2b: Armarouge|Heat Wave|p1b: Sneasler|[spread] \n|-activate|p1a: Ninetales|move: Protect\n|-activate|p1b: Sneasler|move: Protect\n|move|p2a: Archaludon|Electro Shot||[still]\n|-prepare|p2a: Archaludon|Electro Shot\n|-boost|p2a: Archaludon|spa|1\n|-enditem|p2a: Archaludon|Power Herb\n|-anim|p2a: Archaludon|Electro Shot|p1b: Sneasler\n|-activate|p1b: Sneasler|move: Protect\n|\n|-weather|Snow|[upkeep]\n|-end|p2b: Armarouge|Throat Chop|[silent]\n|upkeep\n|turn|3\n|\n|t:|1733328869\n|switch|p1b: Indeedee|Indeedee, L50, M|100\/100\n|-fieldstart|move: Psychic Terrain|[from] ability: Psychic Surge|[of] p1b: Indeedee\n|switch|p1a: Espathra|Espathra, L50, F, shiny|100\/100\n|move|p2b: Armarouge|Heat Wave|p1a: Espathra|[spread] p1a,p1b\n|-damage|p1a: Espathra|40\/100\n|-damage|p1b: Indeedee|44\/100\n|move|p2a: Archaludon|Dragon Pulse|p1b: Indeedee\n|-damage|p1b: Indeedee|0 fnt\n|faint|p1b: Indeedee\n|\n|-weather|Snow|[upkeep]\n|upkeep\n|\n|t:|1733328878\n|switch|p1b: Sneasler|Sneasler, L50, F, shiny|100\/100\n|-enditem|p1b: Sneasler|Psychic Seed\n|-boost|p1b: Sneasler|spd|1|[from] item: Psychic Seed\n|turn|4\n|inactive|IsabellaPasquale has 30 seconds left.\n|inactive|IsabellaPasquale has 20 seconds left.\n|inactive|IsabellaPasquale has 15 seconds left.\n|inactive|IsabellaPasquale has 10 seconds left.\n|inactive|IsabellaPasquale has 5 seconds left.\n|\n|t:|1733328930\n|move|p1a: Espathra|Protect|p1a: Espathra\n|-singleturn|p1a: Espathra|Protect\n|move|p1b: Sneasler|Protect|p1b: Sneasler\n|-singleturn|p1b: Sneasler|Protect\n|move|p2b: Armarouge|Heat Wave|p1a: Espathra|[spread] \n|-activate|p1a: Espathra|move: Protect\n|-activate|p1b: Sneasler|move: Protect\n|move|p2a: Archaludon|Dragon Pulse|p1b: Sneasler\n|-activate|p1b: Sneasler|move: Protect\n|\n|-weather|Snow|[upkeep]\n|-ability|p1a: Espathra|Speed Boost|boost\n|-boost|p1a: Espathra|spe|1\n|upkeep\n|turn|5\n|inactive|IsabellaPasquale has 30 seconds left.\n|inactive|IsabellaPasquale has 20 seconds left.\n|\n|t:|1733328966\n|move|p1a: Espathra|Protect|p1a: Espathra\n|-singleturn|p1a: Espathra|Protect\n|move|p2b: Armarouge|Expanding Force|p1b: Sneasler|[spread] p1b\n|-activate|p1a: Espathra|move: Protect\n|-supereffective|p1b: Sneasler\n|-damage|p1b: Sneasler|0 fnt\n|faint|p1b: Sneasler\n|move|p2a: Archaludon|Thunderbolt|p1a: Espathra\n|-activate|p1a: Espathra|move: Protect\n|\n|-weather|none\n|-fieldend|move: Trick Room\n|-ability|p1a: Espathra|Speed Boost|boost\n|-boost|p1a: Espathra|spe|1\n|upkeep\n|\n|t:|1733328973\n|switch|p1b: Ninetales|Ninetales-Alola, L50, M, shiny|91\/100\n|-weather|Snow|[from] ability: Snow Warning|[of] p1b: Ninetales\n|turn|6\n|\n|t:|1733328981\n|-terastallize|p1b: Ninetales|Ice\n|move|p1a: Espathra|Expanding Force|p2a: Archaludon|[spread] p2a,p2b\n|-resisted|p2a: Archaludon\n|-resisted|p2b: Armarouge\n|-damage|p2a: Archaludon|46\/100\n|-damage|p2b: Armarouge|13\/100\n|-ability|p2a: Archaludon|Stamina|boost\n|-boost|p2a: Archaludon|def|1\n|move|p1b: Ninetales|Blizzard|p2b: Armarouge|[spread] p2a,p2b\n|-resisted|p2b: Armarouge\n|-crit|p2b: Armarouge\n|-damage|p2a: Archaludon|0 fnt\n|-damage|p2b: Armarouge|0 fnt\n|faint|p2a: Archaludon\n|faint|p2b: Armarouge\n|-damage|p1b: Ninetales|82\/100|[from] item: Life Orb\n|\n|-weather|Snow|[upkeep]\n|-ability|p1a: Espathra|Speed Boost|boost\n|-boost|p1a: Espathra|spe|1\n|upkeep\n|\n|t:|1733328996\n|switch|p2a: Rillaboom|Rillaboom, L50, F|100\/100\n|switch|p2b: Electabuzz|Electabuzz, L50, F|100\/100\n|-fieldstart|move: Grassy Terrain|[from] ability: Grassy Surge|[of] p2a: Rillaboom\n|turn|7\n|\n|t:|1733329015\n|-terastallize|p2a: Rillaboom|Fire\n|move|p1a: Espathra|Protect|p1a: Espathra\n|-singleturn|p1a: Espathra|Protect\n|move|p1b: Ninetales|Protect|p1b: Ninetales\n|-singleturn|p1b: Ninetales|Protect\n|move|p2a: Rillaboom|Grassy Glide|p1a: Espathra\n|-activate|p1a: Espathra|move: Protect\n|move|p2b: Electabuzz|Electroweb|p1a: Espathra|[spread] \n|-activate|p1a: Espathra|move: Protect\n|-activate|p1b: Ninetales|move: Protect\n|\n|-weather|Snow|[upkeep]\n|-heal|p1a: Espathra|46\/100|[from] Grassy Terrain\n|-heal|p1b: Ninetales|88\/100|[from] Grassy Terrain\n|-ability|p1a: Espathra|Speed Boost|boost\n|-boost|p1a: Espathra|spe|1\n|upkeep\n|turn|8\n|\n|t:|1733329028\n|move|p2a: Rillaboom|Grassy Glide|p1a: Espathra\n|-damage|p1a: Espathra|0 fnt\n|faint|p1a: Espathra\n|move|p1b: Ninetales|Blizzard|p2b: Electabuzz|[spread] p2a,p2b\n|-resisted|p2a: Rillaboom\n|-damage|p2a: Rillaboom|81\/100\n|-damage|p2b: Electabuzz|58\/100\n|-damage|p1b: Ninetales|78\/100|[from] item: Life Orb\n|move|p2b: Electabuzz|Electroweb|p1b: Ninetales|[miss]\n|-miss|p2b: Electabuzz|p1b: Ninetales\n|\n|-weather|Snow|[upkeep]\n|-heal|p1b: Ninetales|84\/100|[from] Grassy Terrain\n|-heal|p2b: Electabuzz|64\/100|[from] Grassy Terrain\n|-heal|p2a: Rillaboom|87\/100|[from] Grassy Terrain\n|upkeep\n|turn|9\n|\n|t:|1733329041\n|move|p1b: Ninetales|Blizzard|p2a: Rillaboom|[spread] p2a,p2b\n|-resisted|p2a: Rillaboom\n|-damage|p2a: Rillaboom|65\/100\n|-damage|p2b: Electabuzz|19\/100\n|-damage|p1b: Ninetales|75\/100|[from] item: Life Orb\n|move|p2b: Electabuzz|Electroweb|p1b: Ninetales\n|-crit|p1b: Ninetales\n|-damage|p1b: Ninetales|42\/100\n|-unboost|p1b: Ninetales|spe|1\n|move|p2a: Rillaboom|Wood Hammer|p1b: Ninetales\n|-damage|p1b: Ninetales|0 fnt\n|faint|p1b: Ninetales\n|-damage|p2a: Rillaboom|55\/100|[from] Recoil\n|\n|win|IsabellaPasquale\n|raw|Shnipe_Cizy's rating: 1690 &rarr; <strong>1676<\/strong><br \/>(-14 for losing)\n|raw|IsabellaPasquale's rating: 1798 &rarr; <strong>1812<\/strong><br \/>(+14 for winning)\n|l| eboli\n|c|\u2606IsabellaPasquale|hey\n|c|\u2606IsabellaPasquale|isnt nevermeltice better than life orb?\n|c|\u2606IsabellaPasquale|or do u have fairy coverage?\n|c|\u2606Shnipe_Cizy|i have fairy\n|c|\u2606IsabellaPasquale|ic\n|c|\u2606Shnipe_Cizy|your arma ate that throat chop lol\n|c|\u2606Shnipe_Cizy|didnt expect that\n|c|\u2606IsabellaPasquale|it has pretty good bulk\n|c|\u2606IsabellaPasquale|can tank non-stab moves decently\n|c|\u2606Shnipe_Cizy|yeah, i thought you were probably gonna protect and trick room, i didnt want to tera tho\n|c|\u2606Shnipe_Cizy|i assumed it would drop\n|c|\u2606Shnipe_Cizy|didnt want to tera dark throat chop i mean\n|c|\u2606Shnipe_Cizy|ggs tho\n","uploadtime":1733329047,"views":27,"formatid":"gen9vgc2024regh","rating":1676,"private":0,"password":null}