{"id":"gen9vgc2024regh-2256890950","format":"[Gen 9] VGC 2024 Reg H","players":["super crist","chiitancrazymascot"],"log":"|j|\u203dsuper crist\n|j|\u2606chiitancrazymascot\n|t:|1733355486\n|gametype|doubles\n|player|p1|super crist|sabrina|1687\n|player|p2|chiitancrazymascot|pokemaniac|1846\n|teamsize|p1|6\n|teamsize|p2|6\n|gen|9\n|tier|[Gen 9] VGC 2024 Reg H\n|rated|\n|rule|Species Clause: Limit one of each Pok\u00e9mon\n|rule|Item Clause: Limit 1 of each item\n|clearpoke\n|poke|p1|Dondozo, L50, M|\n|poke|p1|Annihilape, L50, F|\n|poke|p1|Tatsugiri, L50, F|\n|poke|p1|Volcarona, L50, M|\n|poke|p1|Dragonite, L50, M|\n|poke|p1|Rillaboom, L50, M|\n|poke|p2|Annihilape, L50, F|\n|poke|p2|Dondozo, L50, F|\n|poke|p2|Maushold-Four, L50|\n|poke|p2|Gholdengo, L50|\n|poke|p2|Whimsicott, L50, F|\n|poke|p2|Tatsugiri, L50, M|\n|teampreview|4\n|inactive|Battle timer is ON: inactive players will automatically lose when time's up. (requested by chiitancrazymascot)\n|inactive|super crist also wants the timer to be on.\n|inactive|super crist has 60 seconds left.\n|inactive|chiitancrazymascot has 60 seconds left.\n|\n|t:|1733355522\n|start\n|switch|p1a: Dondozo|Dondozo, L50, M, shiny|100\/100\n|switch|p1b: Annihilape|Annihilape, L50, F, shiny|100\/100\n|switch|p2a: Maushold|Maushold-Four, L50|100\/100\n|switch|p2b: Annihilape|Annihilape, L50, F, shiny|100\/100\n|turn|1\n|inactive|super crist has 30 seconds left.\n|\n|t:|1733355548\n|move|p2a: Maushold|Beat Up|p2b: Annihilape\n|-crit|p2b: Annihilape\n|-damage|p2b: Annihilape|98\/100\n|-damage|p2b: Annihilape|96\/100\n|-damage|p2b: Annihilape|94\/100\n|-damage|p2b: Annihilape|92\/100\n|-hitcount|p2b: Annihilape|4\n|move|p1b: Annihilape|Rage Fist|p2b: Annihilape\n|-supereffective|p2b: Annihilape\n|-damage|p2b: Annihilape|56\/100\n|move|p2b: Annihilape|Rage Fist|p1a: Dondozo\n|-damage|p1a: Dondozo|23\/100\n|move|p1a: Dondozo|Yawn|p2b: Annihilape\n|-start|p2b: Annihilape|move: Yawn|[of] p1a: Dondozo\n|\n|-heal|p1a: Dondozo|29\/100|[from] item: Leftovers\n|upkeep\n|turn|2\n|\n|t:|1733355570\n|switch|p2b: Dondozo|Dondozo, L50, F, shiny|100\/100\n|move|p2a: Maushold|Taunt|p1a: Dondozo\n|-start|p1a: Dondozo|move: Taunt\n|move|p1b: Annihilape|Close Combat|p2a: Maushold\n|-supereffective|p2a: Maushold\n|-enditem|p2a: Maushold|Focus Sash\n|-damage|p2a: Maushold|1\/100\n|-unboost|p1b: Annihilape|def|1\n|-unboost|p1b: Annihilape|spd|1\n|cant|p1a: Dondozo|move: Taunt|Yawn\n|\n|-heal|p1a: Dondozo|36\/100|[from] item: Leftovers\n|upkeep\n|turn|3\n|inactive|super crist has 30 seconds left.\n|\n|t:|1733355598\n|switch|p1a: Dragonite|Dragonite, L50, M, shiny|100\/100\n|move|p2a: Maushold|Taunt|p1b: Annihilape\n|-start|p1b: Annihilape|move: Taunt\n|move|p1b: Annihilape|Close Combat|p2a: Maushold\n|-supereffective|p2a: Maushold\n|-damage|p2a: Maushold|0 fnt\n|-unboost|p1b: Annihilape|def|1\n|-unboost|p1b: Annihilape|spd|1\n|faint|p2a: Maushold\n|move|p2b: Dondozo|Wave Crash|p1b: Annihilape\n|-damage|p1b: Annihilape|39\/100\n|-damage|p2b: Dondozo|84\/100|[from] Recoil\n|\n|-heal|p2b: Dondozo|90\/100|[from] item: Leftovers\n|upkeep\n|\n|t:|1733355611\n|switch|p2a: Annihilape|Annihilape, L50, F, shiny|56\/100\n|turn|4\n|inactive|super crist has 30 seconds left.\n|\n|t:|1733355641\n|-terastallize|p2a: Annihilape|Fire\n|move|p1b: Annihilape|Rage Fist|p2a: Annihilape\n|-damage|p2a: Annihilape|11\/100\n|-enditem|p2a: Annihilape|Sitrus Berry|[eat]\n|-heal|p2a: Annihilape|36\/100|[from] item: Sitrus Berry\n|move|p1a: Dragonite|Scale Shot|p2a: Annihilape|[miss]\n|-miss|p1a: Dragonite|p2a: Annihilape\n|move|p2a: Annihilape|Rage Fist|p1a: Dragonite\n|-damage|p1a: Dragonite|9\/100\n|move|p2b: Dondozo|Order Up|p1a: Dragonite\n|-supereffective|p1a: Dragonite\n|-damage|p1a: Dragonite|0 fnt\n|faint|p1a: Dragonite\n|\n|-heal|p2b: Dondozo|96\/100|[from] item: Leftovers\n|upkeep\n|\n|t:|1733355661\n|switch|p1a: Dondozo|Dondozo, L50, M, shiny|36\/100\n|turn|5\n|inactive|chiitancrazymascot has 30 seconds left.\n|\n|t:|1733355692\n|switch|p2a: Tatsugiri|Tatsugiri, L50, M, shiny|100\/100\n|-activate|p2a: Tatsugiri|ability: Commander|[of] p2b: Dondozo\n|-boost|p2b: Dondozo|atk|2\n|-boost|p2b: Dondozo|spa|2\n|-boost|p2b: Dondozo|spe|2\n|-boost|p2b: Dondozo|def|2\n|-boost|p2b: Dondozo|spd|2\n|move|p2b: Dondozo|Wave Crash|p1a: Dondozo\n|-resisted|p1a: Dondozo\n|-damage|p1a: Dondozo|19\/100\n|-damage|p2b: Dondozo|90\/100|[from] Recoil\n|move|p1b: Annihilape|Rage Fist|p2a: Tatsugiri|[miss]\n|-miss|p1b: Annihilape|p2a: Tatsugiri\n|move|p1a: Dondozo|Yawn|p2b: Dondozo\n|-start|p2b: Dondozo|move: Yawn|[of] p1a: Dondozo\n|\n|-heal|p2b: Dondozo|96\/100|[from] item: Leftovers\n|-heal|p1a: Dondozo|25\/100|[from] item: Leftovers\n|-end|p1b: Annihilape|move: Taunt\n|upkeep\n|turn|6\n|j| Arcdria\n|\n|t:|1733355713\n|move|p1a: Dondozo|Protect|p1a: Dondozo\n|-singleturn|p1a: Dondozo|Protect\n|move|p2b: Dondozo|Wave Crash|p1a: Dondozo\n|-activate|p1a: Dondozo|move: Protect\n|move|p1b: Annihilape|Stealth Rock|p2a: Tatsugiri\n|-sidestart|p2: chiitancrazymascot|move: Stealth Rock\n|\n|-heal|p2b: Dondozo|100\/100|[from] item: Leftovers\n|-heal|p1a: Dondozo|31\/100|[from] item: Leftovers\n|-end|p2b: Dondozo|move: Yawn|[silent]\n|-status|p2b: Dondozo|slp\n|upkeep\n|turn|7\n|inactive|super crist has 30 seconds left.\n|inactive|super crist has 20 seconds left.\n|inactive|super crist has 15 seconds left.\n|inactive|super crist has 10 seconds left.\n|\n|t:|1733355759\n|cant|p2b: Dondozo|slp\n|move|p1b: Annihilape|Rage Fist|p2b: Dondozo\n|-damage|p2b: Dondozo|83\/100 slp\n|move|p1a: Dondozo|Body Press|p2b: Dondozo\n|-damage|p2b: Dondozo|65\/100 slp\n|\n|-heal|p2b: Dondozo|72\/100 slp|[from] item: Leftovers\n|-heal|p1a: Dondozo|37\/100|[from] item: Leftovers\n|upkeep\n|turn|8\n|\n|t:|1733355767\n|-curestatus|p2b: Dondozo|slp|[msg]\n|move|p2b: Dondozo|Order Up|p1b: Annihilape\n|-damage|p1b: Annihilape|0 fnt\n|faint|p1b: Annihilape\n|-boost|p2b: Dondozo|atk|1\n|move|p1a: Dondozo|Body Press|p2b: Dondozo\n|-damage|p2b: Dondozo|56\/100\n|\n|-heal|p2b: Dondozo|62\/100|[from] item: Leftovers\n|-heal|p1a: Dondozo|44\/100|[from] item: Leftovers\n|upkeep\n|\n|t:|1733355769\n|switch|p1b: Volcarona|Volcarona, L50, M, shiny|100\/100\n|turn|9\n|\n|t:|1733355779\n|-terastallize|p1b: Volcarona|Fairy\n|move|p2b: Dondozo|Wave Crash|p1b: Volcarona\n|-damage|p1b: Volcarona|0 fnt\n|faint|p1b: Volcarona\n|-damage|p2b: Dondozo|34\/100|[from] Recoil\n|move|p1a: Dondozo|Yawn|p2b: Dondozo\n|-start|p2b: Dondozo|move: Yawn|[of] p1a: Dondozo\n|\n|-heal|p2b: Dondozo|40\/100|[from] item: Leftovers\n|-heal|p1a: Dondozo|50\/100|[from] item: Leftovers\n|upkeep\n|turn|10\n|-message|super crist forfeited.\n|\n|win|chiitancrazymascot\n|raw|super crist's rating: 1687 &rarr; <strong>1676<\/strong><br \/>(-11 for losing)\n|raw|chiitancrazymascot's rating: 1846 &rarr; <strong>1857<\/strong><br \/>(+11 for winning)\n|l|\u203dsuper crist\n|player|p1|\n|l|\u2606chiitancrazymascot\n|player|p2|\n|l| Arcdria\n","uploadtime":1733355786,"views":43,"formatid":"gen9vgc2024regh","rating":1676,"private":0,"password":null}