{"id":"gen9vgc2024regh-2256100632","format":"[Gen 9] VGC 2024 Reg H","players":["roykeenkennedy","heybetch"],"log":"|j|\u2606roykeenkennedy\n|j|\u203dheybetch\n|t:|1733257286\n|gametype|doubles\n|player|p1|roykeenkennedy|alder|1686\n|player|p2|heybetch|1|1691\n|teamsize|p1|6\n|teamsize|p2|6\n|gen|9\n|tier|[Gen 9] VGC 2024 Reg H\n|rated|\n|rule|Species Clause: Limit one of each Pok\u00e9mon\n|rule|Item Clause: Limit 1 of each item\n|clearpoke\n|poke|p1|Salamence, L50, F|\n|poke|p1|Incineroar, L50, F|\n|poke|p1|Weezing, L50, M|\n|poke|p1|Dragapult, L50, F|\n|poke|p1|Ursaluna-Bloodmoon, L50, M|\n|poke|p1|Volcarona, L50, M|\n|poke|p2|Gothitelle, L50, M|\n|poke|p2|Azumarill, L50, M|\n|poke|p2|Gholdengo, L50|\n|poke|p2|Amoonguss, L50, M|\n|poke|p2|Ursaluna-Bloodmoon, L50, M|\n|poke|p2|Grimmsnarl, L50, M|\n|teampreview|4\n|inactive|Battle timer is ON: inactive players will automatically lose when time's up. (requested by heybetch)\n|\n|t:|1733257338\n|start\n|switch|p1a: Weezing|Weezing, L50, M|100\/100\n|switch|p1b: Volcarona|Volcarona, L50, M|100\/100\n|switch|p2a: Grimmsnarl|Grimmsnarl, L50, M|100\/100\n|switch|p2b: Ursaluna|Ursaluna-Bloodmoon, L50, M|100\/100\n|-ability|p1a: Weezing|Neutralizing Gas\n|turn|1\n|\n|t:|1733257353\n|-terastallize|p1a: Weezing|Ghost\n|move|p1b: Volcarona|Struggle Bug|p2a: Grimmsnarl|[spread] p2a,p2b\n|-crit|p2b: Ursaluna\n|-damage|p2a: Grimmsnarl|84\/100\n|-damage|p2b: Ursaluna|64\/100\n|-unboost|p2a: Grimmsnarl|spa|1\n|-unboost|p2b: Ursaluna|spa|1\n|move|p1a: Weezing|Taunt|p2a: Grimmsnarl\n|-start|p2a: Grimmsnarl|move: Taunt\n|move|p2b: Ursaluna|Blood Moon|p1b: Volcarona\n|-damage|p1b: Volcarona|33\/100\n|-damage|p2b: Ursaluna|55\/100|[from] item: Life Orb\n|cant|p2a: Grimmsnarl|move: Taunt|Light Screen\n|\n|upkeep\n|turn|2\n|\n|t:|1733257376\n|move|p2a: Grimmsnarl|Sucker Punch|p1b: Volcarona\n|-damage|p1b: Volcarona|0 fnt\n|faint|p1b: Volcarona\n|move|p1a: Weezing|Sludge Bomb|p2a: Grimmsnarl\n|-supereffective|p2a: Grimmsnarl\n|-damage|p2a: Grimmsnarl|34\/100\n|move|p2b: Ursaluna|Hyper Voice|p1a: Weezing\n|-immune|p1a: Weezing\n|\n|upkeep\n|\n|t:|1733257387\n|switch|p1b: Dragapult|Dragapult, L50, F|100\/100\n|turn|3\n|\n|t:|1733257403\n|switch|p1b: Incineroar|Incineroar, L50, F|100\/100\n|-ability|p1b: Incineroar|Intimidate|boost\n|-unboost|p2a: Grimmsnarl|atk|1\n|-unboost|p2b: Ursaluna|atk|1\n|move|p2a: Grimmsnarl|Sucker Punch||[still]\n|-fail|p2a: Grimmsnarl\n|move|p1a: Weezing|Sludge Bomb|p2a: Grimmsnarl\n|-supereffective|p2a: Grimmsnarl\n|-damage|p2a: Grimmsnarl|0 fnt\n|faint|p2a: Grimmsnarl\n|move|p2b: Ursaluna|Earth Power|p1a: Weezing\n|-damage|p1a: Weezing|44\/100\n|-damage|p2b: Ursaluna|45\/100|[from] item: Life Orb\n|\n|-heal|p1a: Weezing|50\/100|[from] item: Leftovers\n|upkeep\n|\n|t:|1733257423\n|switch|p2a: Gothitelle|Gothitelle, L50, M|100\/100\n|turn|4\n|inactive|roykeenkennedy has 30 seconds left.\n|\n|t:|1733257450\n|-terastallize|p2b: Ursaluna|Ghost\n|move|p1b: Incineroar|Fake Out|p2b: Ursaluna\n|-immune|p2b: Ursaluna\n|move|p1a: Weezing|Sludge Bomb|p2a: Gothitelle\n|-damage|p2a: Gothitelle|75\/100\n|move|p2b: Ursaluna|Earth Power|p1a: Weezing\n|-damage|p1a: Weezing|0 fnt\n|faint|p1a: Weezing\n|-end|p1a: Weezing|ability: Neutralizing Gas\n|-damage|p2b: Ursaluna|35\/100|[from] item: Life Orb\n|move|p2a: Gothitelle|Trick Room|p2a: Gothitelle\n|-fieldstart|move: Trick Room|[of] p2a: Gothitelle\n|\n|upkeep\n|\n|t:|1733257465\n|switch|p1a: Dragapult|Dragapult, L50, F|100\/100\n|turn|5\n|\n|t:|1733257481\n|switch|p2b: Azumarill|Azumarill, L50, M|100\/100\n|move|p2a: Gothitelle|Protect|p2a: Gothitelle\n|-singleturn|p2a: Gothitelle|Protect\n|move|p1b: Incineroar|Knock Off|p2b: Azumarill\n|-resisted|p2b: Azumarill\n|-damage|p2b: Azumarill|84\/100\n|-enditem|p2b: Azumarill|Chesto Berry|[from] move: Knock Off|[of] p1b: Incineroar\n|move|p1a: Dragapult|Dragon Darts|p2a: Gothitelle\n|-immune|p2b: Azumarill\n|\n|upkeep\n|turn|6\n|\n|t:|1733257499\n|move|p2b: Azumarill|Perish Song|p2b: Azumarill\n|-start|p1a: Dragapult|perish3|[silent]\n|-start|p1b: Incineroar|perish3|[silent]\n|-start|p2a: Gothitelle|perish3|[silent]\n|-start|p2b: Azumarill|perish3|[silent]\n|-fieldactivate|move: Perish Song\n|move|p2a: Gothitelle|Psychic|p1a: Dragapult\n|-damage|p1a: Dragapult|63\/100\n|move|p1b: Incineroar|Parting Shot|p2b: Azumarill\n|-unboost|p2b: Azumarill|atk|1\n|-unboost|p2b: Azumarill|spa|1\n|move|p1a: Dragapult|Dragon Darts|p2a: Gothitelle\n|-damage|p2a: Gothitelle|42\/100\n|-enditem|p2a: Gothitelle|Sitrus Berry|[eat]\n|-heal|p2a: Gothitelle|67\/100|[from] item: Sitrus Berry\n|-anim|p1a: Dragapult|Dragon Darts|p2a: Gothitelle\n|-damage|p2a: Gothitelle|31\/100\n|\n|-start|p2b: Azumarill|perish3\n|-start|p2a: Gothitelle|perish3\n|-start|p1b: Incineroar|perish3\n|-start|p1a: Dragapult|perish3\n|upkeep\n|turn|7\n|inactive|roykeenkennedy has 30 seconds left.\n|\n|t:|1733257528\n|move|p2b: Azumarill|Whirlpool|p1a: Dragapult\n|-resisted|p1a: Dragapult\n|-damage|p1a: Dragapult|60\/100\n|-activate|p1a: Dragapult|move: Whirlpool|[of] p2b: Azumarill\n|move|p2a: Gothitelle|Psychic|p1a: Dragapult\n|-damage|p1a: Dragapult|21\/100\n|move|p1b: Incineroar|Flare Blitz|p2b: Azumarill\n|-resisted|p2b: Azumarill\n|-damage|p2b: Azumarill|62\/100\n|-damage|p1b: Incineroar|93\/100|[from] Recoil\n|move|p1a: Dragapult|Dragon Darts|p2a: Gothitelle\n|-damage|p2a: Gothitelle|0 fnt\n|faint|p2a: Gothitelle\n|\n|-damage|p1a: Dragapult|9\/100|[from] move: Whirlpool|[partiallytrapped]\n|-start|p2b: Azumarill|perish2\n|-start|p1b: Incineroar|perish2\n|-start|p1a: Dragapult|perish2\n|upkeep\n|\n|t:|1733257536\n|switch|p2a: Ursaluna|Ursaluna-Bloodmoon, L50, M, tera:Ghost|35\/100\n|turn|8\n|\n|t:|1733257552\n|move|p2b: Azumarill|Protect|p2b: Azumarill\n|-singleturn|p2b: Azumarill|Protect\n|move|p2a: Ursaluna|Earth Power|p1b: Incineroar\n|-supereffective|p1b: Incineroar\n|-damage|p1b: Incineroar|0 fnt\n|faint|p1b: Incineroar\n|-damage|p2a: Ursaluna|25\/100|[from] item: Life Orb\n|move|p1a: Dragapult|Dragon Darts|p2a: Ursaluna\n|-damage|p2a: Ursaluna|0 fnt\n|faint|p2a: Ursaluna\n|\n|-damage|p1a: Dragapult|0 fnt|[from] move: Whirlpool|[partiallytrapped]\n|faint|p1a: Dragapult\n|\n|win|heybetch\n|upkeep\n|raw|roykeenkennedy's rating: 1686 &rarr; <strong>1666<\/strong><br \/>(-20 for losing)\n|raw|heybetch's rating: 1691 &rarr; <strong>1711<\/strong><br \/>(+20 for winning)\n|l|\u203dheybetch\n|player|p2|\n|l|\u2606roykeenkennedy\n|player|p1|\n","uploadtime":1733257709,"views":8,"formatid":"gen9vgc2024regh","rating":1666,"private":0,"password":null}