{"id":"gen9vgc2024regh-2256580324","format":"[Gen 9] VGC 2024 Reg H","players":["freeeds","Djjwjwwjj"],"log":"|j|\u2606freeeds\n|j|\u2606Djjwjwwjj\n|t:|1733324153\n|gametype|doubles\n|player|p1|freeeds|cynthia|1758\n|player|p2|Djjwjwwjj|265|1712\n|teamsize|p1|6\n|teamsize|p2|6\n|gen|9\n|tier|[Gen 9] VGC 2024 Reg H\n|rated|\n|rule|Species Clause: Limit one of each Pok\u00e9mon\n|rule|Item Clause: Limit 1 of each item\n|clearpoke\n|poke|p1|Milotic, L50, M|\n|poke|p1|Tyranitar, L50, F|\n|poke|p1|Talonflame, L50, M|\n|poke|p1|Garchomp, L50, F|\n|poke|p1|Amoonguss, L50, F|\n|poke|p1|Gholdengo, L50|\n|poke|p2|Palafin, L50, F|\n|poke|p2|Rillaboom, L50, M|\n|poke|p2|Pelipper, L50, F|\n|poke|p2|Electabuzz, L50, F|\n|poke|p2|Gholdengo, L50|\n|poke|p2|Incineroar, L50, F|\n|teampreview|4\n|inactive|Battle timer is ON: inactive players will automatically lose when time's up. (requested by Djjwjwwjj)\n|inactive|freeeds has 60 seconds left.\n|inactive|Djjwjwwjj has 60 seconds left.\n|\n|t:|1733324196\n|start\n|switch|p1a: Milotic|Milotic, L50, M|100\/100\n|switch|p1b: Garchomp|Garchomp, L50, F|100\/100\n|switch|p2a: Incineroar|Incineroar, L50, F|100\/100\n|switch|p2b: Gholdengo|Gholdengo, L50|100\/100\n|-ability|p2a: Incineroar|Intimidate|boost\n|-unboost|p1a: Milotic|atk|1\n|-ability|p1a: Milotic|Competitive|boost\n|-boost|p1a: Milotic|spa|2\n|-unboost|p1b: Garchomp|atk|1\n|turn|1\n|inactive|freeeds has 30 seconds left.\n|\n|t:|1733324226\n|move|p2a: Incineroar|Fake Out|p1b: Garchomp\n|-damage|p1b: Garchomp|91\/100\n|-damage|p2a: Incineroar|88\/100|[from] ability: Rough Skin|[of] p1b: Garchomp\n|cant|p1b: Garchomp|flinch\n|move|p2b: Gholdengo|Nasty Plot|p2b: Gholdengo\n|-boost|p2b: Gholdengo|spa|2\n|move|p1a: Milotic|Scald|p2b: Gholdengo\n|-damage|p2b: Gholdengo|31\/100\n|-status|p2b: Gholdengo|brn\n|\n|-damage|p2b: Gholdengo|25\/100 brn|[from] brn\n|upkeep\n|turn|2\n|inactive|freeeds has 30 seconds left.\n|\n|t:|1733324258\n|move|p2b: Gholdengo|Protect|p2b: Gholdengo\n|-singleturn|p2b: Gholdengo|Protect\n|move|p1b: Garchomp|Stomping Tantrum|p2b: Gholdengo\n|-activate|p2b: Gholdengo|move: Protect\n|move|p1a: Milotic|Scald|p2a: Incineroar\n|-supereffective|p2a: Incineroar\n|-damage|p2a: Incineroar|0 fnt\n|faint|p2a: Incineroar\n|\n|-damage|p2b: Gholdengo|19\/100 brn|[from] brn\n|upkeep\n|\n|t:|1733324274\n|switch|p2a: Rillaboom|Rillaboom, L50, M|100\/100\n|-fieldstart|move: Grassy Terrain|[from] ability: Grassy Surge|[of] p2a: Rillaboom\n|turn|3\n|\n|t:|1733324285\n|-terastallize|p2b: Gholdengo|Ground\n|move|p1b: Garchomp|Protect|p1b: Garchomp\n|-singleturn|p1b: Garchomp|Protect\n|move|p1a: Milotic|Protect|p1a: Milotic\n|-singleturn|p1a: Milotic|Protect\n|move|p2a: Rillaboom|Fake Out|p1b: Garchomp\n|-activate|p1b: Garchomp|move: Protect\n|move|p2b: Gholdengo|Tera Blast|p1a: Milotic|[anim] Tera Blast Ground\n|-activate|p1a: Milotic|move: Protect\n|\n|-heal|p1b: Garchomp|97\/100|[from] Grassy Terrain\n|-heal|p2b: Gholdengo|25\/100 brn|[from] Grassy Terrain\n|-damage|p2b: Gholdengo|19\/100 brn|[from] brn\n|upkeep\n|turn|4\n|inactive|freeeds has 30 seconds left.\n|\n|t:|1733324312\n|-terastallize|p1a: Milotic|Dragon\n|move|p2b: Gholdengo|Protect|p2b: Gholdengo\n|-singleturn|p2b: Gholdengo|Protect\n|move|p1b: Garchomp|Stomping Tantrum|p2b: Gholdengo\n|-activate|p2b: Gholdengo|move: Protect\n|move|p2a: Rillaboom|Wood Hammer|p1a: Milotic\n|-resisted|p1a: Milotic\n|-damage|p1a: Milotic|74\/100\n|-damage|p2a: Rillaboom|92\/100|[from] Recoil\n|move|p1a: Milotic|Icy Wind|p2b: Gholdengo|[spread] p2a\n|-activate|p2b: Gholdengo|move: Protect\n|-supereffective|p2a: Rillaboom\n|-damage|p2a: Rillaboom|39\/100\n|-unboost|p2a: Rillaboom|spe|1\n|\n|-heal|p1b: Garchomp|100\/100|[from] Grassy Terrain\n|-heal|p2b: Gholdengo|25\/100 brn|[from] Grassy Terrain\n|-heal|p1a: Milotic|80\/100|[from] Grassy Terrain\n|-heal|p2a: Rillaboom|44\/100|[from] Grassy Terrain\n|-damage|p2b: Gholdengo|19\/100 brn|[from] brn\n|upkeep\n|turn|5\n|-message|Djjwjwwjj forfeited.\n|\n|win|freeeds\n|raw|freeeds's rating: 1758 &rarr; <strong>1775<\/strong><br \/>(+17 for winning)\n|raw|Djjwjwwjj's rating: 1712 &rarr; <strong>1695<\/strong><br \/>(-17 for losing)\n|l|\u2606Djjwjwwjj\n|player|p2|\n|l|\u2606freeeds\n|player|p1|\n","uploadtime":1733324568,"views":8,"formatid":"gen9vgc2024regh","rating":1695,"private":0,"password":null}