{"id":"gen9vgc2024regh-2256017337","format":"[Gen 9] VGC 2024 Reg H","players":["Has_Perry","RagingPro"],"log":"|j|\u2606Has_Perry\n|j|\u2606RagingPro\n|t:|1733249576\n|gametype|doubles\n|player|p1|Has_Perry|veteran|1697\n|player|p2|RagingPro|1|1709\n|teamsize|p1|6\n|teamsize|p2|6\n|gen|9\n|tier|[Gen 9] VGC 2024 Reg H\n|rated|\n|rule|Species Clause: Limit one of each Pok\u00e9mon\n|rule|Item Clause: Limit 1 of each item\n|clearpoke\n|poke|p1|Dragonite, L50, F|\n|poke|p1|Tyranitar, L50, M|\n|poke|p1|Metagross, L50|\n|poke|p1|Annihilape, L50, F|\n|poke|p1|Volcarona, L50, F|\n|poke|p1|Sinistcha, L50|\n|poke|p2|Ninetales-Alola, L50, M|\n|poke|p2|Ursaluna-Bloodmoon, L50, M|\n|poke|p2|Dragonite, L50, M|\n|poke|p2|Gholdengo, L50|\n|poke|p2|Incineroar, L50, M|\n|poke|p2|Amoonguss, L50, M|\n|teampreview|4\n|\n|t:|1733249635\n|start\n|switch|p1a: Skadoosh|Metagross, L50, shiny|100\/100\n|switch|p1b: Annihilape|Annihilape, L50, F|100\/100\n|switch|p2a: Gholdengo|Gholdengo, L50|100\/100\n|switch|p2b: Amoonguss|Amoonguss, L50, M, shiny|100\/100\n|turn|1\n|\n|t:|1733249648\n|move|p2b: Amoonguss|Rage Powder|p2b: Amoonguss\n|-singleturn|p2b: Amoonguss|move: Rage Powder\n|move|p1b: Annihilape|Coaching|p1a: Skadoosh\n|-boost|p1a: Skadoosh|atk|1\n|-boost|p1a: Skadoosh|def|1\n|move|p2a: Gholdengo|Nasty Plot|p2a: Gholdengo\n|-boost|p2a: Gholdengo|spa|2\n|move|p1a: Skadoosh|Knock Off|p2b: Amoonguss\n|-damage|p2b: Amoonguss|56\/100\n|-enditem|p2b: Amoonguss|Covert Cloak|[from] move: Knock Off|[of] p1a: Skadoosh\n|\n|upkeep\n|turn|2\n|\n|t:|1733249671\n|move|p2b: Amoonguss|Rage Powder|p2b: Amoonguss\n|-singleturn|p2b: Amoonguss|move: Rage Powder\n|move|p1b: Annihilape|Coaching|p1a: Skadoosh\n|-boost|p1a: Skadoosh|atk|1\n|-boost|p1a: Skadoosh|def|1\n|move|p2a: Gholdengo|Shadow Ball|p1a: Skadoosh\n|-supereffective|p1a: Skadoosh\n|-damage|p1a: Skadoosh|0 fnt\n|faint|p1a: Skadoosh\n|\n|upkeep\n|\n|t:|1733249681\n|switch|p1a: Volcarona|Volcarona, L50, F|100\/100\n|turn|3\n|\n|t:|1733249700\n|-terastallize|p2a: Gholdengo|Water\n|move|p2b: Amoonguss|Rage Powder|p2b: Amoonguss\n|-singleturn|p2b: Amoonguss|move: Rage Powder\n|move|p1a: Volcarona|Heat Wave|p2b: Amoonguss|[spread] p2a,p2b\n|-resisted|p2a: Gholdengo\n|-supereffective|p2b: Amoonguss\n|-damage|p2a: Gholdengo|71\/100\n|-damage|p2b: Amoonguss|0 fnt\n|faint|p2b: Amoonguss\n|move|p1b: Annihilape|Rage Fist|p2a: Gholdengo\n|-damage|p2a: Gholdengo|45\/100\n|move|p2a: Gholdengo|Shadow Ball|p1a: Volcarona\n|-damage|p1a: Volcarona|24\/100\n|\n|-heal|p2a: Gholdengo|51\/100|[from] item: Leftovers\n|upkeep\n|\n|t:|1733249715\n|switch|p2b: Ursaluna|Ursaluna-Bloodmoon, L50, M|100\/100\n|turn|4\n|\n|t:|1733249750\n|move|p1a: Volcarona|Heat Wave|p2b: Ursaluna|[spread] p2a,p2b\n|-resisted|p2a: Gholdengo\n|-damage|p2a: Gholdengo|24\/100\n|-damage|p2b: Ursaluna|57\/100\n|move|p1b: Annihilape|Close Combat|p2b: Ursaluna\n|-supereffective|p2b: Ursaluna\n|-damage|p2b: Ursaluna|0 fnt\n|-unboost|p1b: Annihilape|def|1\n|-unboost|p1b: Annihilape|spd|1\n|faint|p2b: Ursaluna\n|move|p2a: Gholdengo|Shadow Ball|p1b: Annihilape\n|-supereffective|p1b: Annihilape\n|-enditem|p1b: Annihilape|Focus Sash\n|-damage|p1b: Annihilape|1\/100\n|-unboost|p1b: Annihilape|spd|1\n|-ability|p1b: Annihilape|Defiant|boost\n|-boost|p1b: Annihilape|atk|2\n|\n|-heal|p2a: Gholdengo|29\/100|[from] item: Leftovers\n|upkeep\n|\n|t:|1733249758\n|switch|p2b: Incineroar|Incineroar, L50, M|100\/100\n|-ability|p2b: Incineroar|Intimidate|boost\n|-unboost|p1a: Volcarona|atk|1\n|-unboost|p1b: Annihilape|atk|1\n|-ability|p1b: Annihilape|Defiant|boost\n|-boost|p1b: Annihilape|atk|2\n|turn|5\n|\n|t:|1733249779\n|move|p2a: Gholdengo|Protect|p2a: Gholdengo\n|-singleturn|p2a: Gholdengo|Protect\n|move|p1a: Volcarona|Heat Wave|p2b: Incineroar|[spread] p2b\n|-activate|p2a: Gholdengo|move: Protect\n|-resisted|p2b: Incineroar\n|-damage|p2b: Incineroar|78\/100\n|move|p1b: Annihilape|Rage Fist|p2a: Gholdengo\n|-activate|p2a: Gholdengo|move: Protect\n|move|p2b: Incineroar|Knock Off|p1b: Annihilape\n|-damage|p1b: Annihilape|0 fnt\n|faint|p1b: Annihilape\n|\n|-heal|p2a: Gholdengo|35\/100|[from] item: Leftovers\n|upkeep\n|\n|t:|1733249784\n|switch|p1b: Tyranitar|Tyranitar, L50, M, shiny|100\/100\n|-weather|Sandstorm|[from] ability: Sand Stream|[of] p1b: Tyranitar\n|turn|6\n|\n|t:|1733249814\n|-terastallize|p1b: Tyranitar|Ghost\n|move|p1a: Volcarona|Heat Wave|p2b: Incineroar|[spread] p2a,p2b\n|-resisted|p2a: Gholdengo\n|-resisted|p2b: Incineroar\n|-damage|p2a: Gholdengo|6\/100\n|-damage|p2b: Incineroar|52\/100\n|move|p2a: Gholdengo|Make It Rain|p1b: Tyranitar|[spread] p1a,p1b\n|-resisted|p1a: Volcarona\n|-damage|p1a: Volcarona|0 fnt\n|-damage|p1b: Tyranitar|20\/100\n|-unboost|p2a: Gholdengo|spa|1\n|faint|p1a: Volcarona\n|move|p1b: Tyranitar|Rock Slide|p2a: Gholdengo|[spread] p2a,p2b\n|-crit|p2a: Gholdengo\n|-supereffective|p2b: Incineroar\n|-damage|p2a: Gholdengo|0 fnt\n|-damage|p2b: Incineroar|0 fnt\n|faint|p2a: Gholdengo\n|faint|p2b: Incineroar\n|\n|win|Has_Perry\n|raw|Has_Perry's rating: 1697 &rarr; <strong>1718<\/strong><br \/>(+21 for winning)\n|raw|RagingPro's rating: 1709 &rarr; <strong>1688<\/strong><br \/>(-21 for losing)\n|l|\u2606Has_Perry\n|player|p1|\n|l|\u2606RagingPro\n|player|p2|\n","uploadtime":1733249956,"views":9,"formatid":"gen9vgc2024regh","rating":1688,"private":0,"password":null}