{"id":"gen9vgc2024regh-2256943417","format":"[Gen 9] VGC 2024 Reg H","players":["corndog7","jayjazZa"],"log":"|j|\u2606corndog7\n|j|\u2606jayjazZa\n|t:|1733362012\n|gametype|doubles\n|player|p1|corndog7|linebacker|1769\n|player|p2|jayjazZa|170|1778\n|teamsize|p1|6\n|teamsize|p2|6\n|gen|9\n|tier|[Gen 9] VGC 2024 Reg H\n|rated|\n|rule|Species Clause: Limit one of each Pok\u00e9mon\n|rule|Item Clause: Limit 1 of each item\n|clearpoke\n|poke|p1|Primarina, L50, M|\n|poke|p1|Volcarona, L50, M|\n|poke|p1|Kingambit, L50, F|\n|poke|p1|Sneasler, L50, F|\n|poke|p1|Rillaboom, L50, M|\n|poke|p1|Gholdengo, L50|\n|poke|p2|Dondozo, L50, M|\n|poke|p2|Tatsugiri, L50, F|\n|poke|p2|Sneasler, L50, F|\n|poke|p2|Indeedee, L50, M|\n|poke|p2|Archaludon, L50, M|\n|poke|p2|Pelipper, L50, M|\n|teampreview|4\n|inactive|Battle timer is ON: inactive players will automatically lose when time's up. (requested by jayjazZa)\n|inactive|corndog7 also wants the timer to be on.\n|inactive|corndog7 has 60 seconds left.\n|\n|t:|1733362058\n|start\n|switch|p1a: Volcarona|Volcarona, L50, M|100\/100\n|switch|p1b: Gholdengo|Gholdengo, L50|100\/100\n|switch|p2a: Indeedee|Indeedee, L50, M|100\/100\n|switch|p2b: Sneasler|Sneasler, L50, F|100\/100\n|-fieldstart|move: Psychic Terrain|[from] ability: Psychic Surge|[of] p2a: Indeedee\n|-enditem|p2b: Sneasler|Psychic Seed\n|-boost|p2b: Sneasler|spd|1|[from] item: Psychic Seed\n|turn|1\n|inactive|corndog7 has 30 seconds left.\n|\n|t:|1733362084\n|switch|p1b: Rillaboom|Rillaboom, L50, M|100\/100\n|-fieldstart|move: Grassy Terrain|[from] ability: Grassy Surge|[of] p1b: Rillaboom\n|-terastallize|p2a: Indeedee|Psychic\n|move|p2b: Sneasler|Dire Claw|p1a: Volcarona\n|-damage|p1a: Volcarona|45\/100\n|-status|p2b: Sneasler|brn|[from] ability: Flame Body|[of] p1a: Volcarona\n|move|p2a: Indeedee|Expanding Force|p1a: Volcarona\n|-damage|p1a: Volcarona|12\/100\n|move|p1a: Volcarona|Quiver Dance|p1a: Volcarona\n|-boost|p1a: Volcarona|spa|1\n|-boost|p1a: Volcarona|spd|1\n|-boost|p1a: Volcarona|spe|1\n|\n|-heal|p1a: Volcarona|18\/100|[from] Grassy Terrain\n|-damage|p2b: Sneasler|95\/100 brn|[from] brn\n|upkeep\n|turn|2\n|\n|t:|1733362106\n|move|p1b: Rillaboom|Fake Out|p2b: Sneasler\n|-damage|p2b: Sneasler|71\/100 brn\n|cant|p2b: Sneasler|flinch\n|move|p1a: Volcarona|Struggle Bug|p2a: Indeedee|[spread] p2a,p2b\n|-supereffective|p2a: Indeedee\n|-resisted|p2b: Sneasler\n|-damage|p2a: Indeedee|34\/100\n|-damage|p2b: Sneasler|65\/100 brn\n|-unboost|p2a: Indeedee|spa|1\n|-unboost|p2b: Sneasler|spa|1\n|move|p2a: Indeedee|Expanding Force|p1a: Volcarona\n|-damage|p1a: Volcarona|4\/100\n|\n|-heal|p2b: Sneasler|71\/100 brn|[from] Grassy Terrain\n|-heal|p1a: Volcarona|10\/100|[from] Grassy Terrain\n|-heal|p2a: Indeedee|40\/100|[from] Grassy Terrain\n|-damage|p2b: Sneasler|65\/100 brn|[from] brn\n|upkeep\n|turn|3\n|inactive|corndog7 has 30 seconds left.\n|\n|t:|1733362133\n|switch|p1a: Gholdengo|Gholdengo, L50|100\/100\n|switch|p2a: Archaludon|Archaludon, L50, M|100\/100\n|move|p2b: Sneasler|Dire Claw|p1a: Gholdengo\n|-immune|p1a: Gholdengo\n|move|p1b: Rillaboom|High Horsepower|p2b: Sneasler\n|-supereffective|p2b: Sneasler\n|-damage|p2b: Sneasler|0 fnt\n|faint|p2b: Sneasler\n|\n|upkeep\n|\n|t:|1733362139\n|switch|p2b: Indeedee|Indeedee, L50, M, tera:Psychic|40\/100\n|-fieldstart|move: Psychic Terrain|[from] ability: Psychic Surge|[of] p2b: Indeedee\n|turn|4\n|\n|t:|1733362157\n|switch|p2b: Pelipper|Pelipper, L50, M|100\/100\n|-weather|RainDance|[from] ability: Drizzle|[of] p2b: Pelipper\n|-terastallize|p1b: Rillaboom|Ground\n|move|p2a: Archaludon|Electro Shot||[still]\n|-prepare|p2a: Archaludon|Electro Shot\n|-boost|p2a: Archaludon|spa|1\n|-anim|p2a: Archaludon|Electro Shot|p1a: Gholdengo\n|-damage|p1a: Gholdengo|28\/100\n|move|p1a: Gholdengo|Shadow Ball|p2a: Archaludon\n|-damage|p2a: Archaludon|40\/100\n|-ability|p2a: Archaludon|Stamina|boost\n|-boost|p2a: Archaludon|def|1\n|-damage|p1a: Gholdengo|18\/100|[from] item: Life Orb\n|move|p1b: Rillaboom|High Horsepower|p2a: Archaludon\n|-supereffective|p2a: Archaludon\n|-damage|p2a: Archaludon|0 fnt\n|faint|p2a: Archaludon\n|\n|-weather|RainDance|[upkeep]\n|upkeep\n|\n|t:|1733362165\n|switch|p2a: Indeedee|Indeedee, L50, M, tera:Psychic|40\/100\n|turn|5\n|\n|t:|1733362187\n|switch|p1b: Volcarona|Volcarona, L50, M|10\/100\n|move|p1a: Gholdengo|Protect|p1a: Gholdengo\n|-singleturn|p1a: Gholdengo|Protect\n|move|p2a: Indeedee|Expanding Force|p1b: Volcarona|[spread] p1b\n|-activate|p1a: Gholdengo|move: Protect\n|-damage|p1b: Volcarona|0 fnt\n|faint|p1b: Volcarona\n|move|p2b: Pelipper|Weather Ball|p1a: Gholdengo\n|-activate|p1a: Gholdengo|move: Protect\n|\n|-weather|RainDance|[upkeep]\n|upkeep\n|\n|t:|1733362200\n|switch|p1b: Rillaboom|Rillaboom, L50, M, tera:Ground|100\/100\n|-fieldstart|move: Grassy Terrain|[from] ability: Grassy Surge|[of] p1b: Rillaboom\n|turn|6\n|\n|t:|1733362223\n|move|p2a: Indeedee|Protect|p2a: Indeedee\n|-singleturn|p2a: Indeedee|Protect\n|move|p1b: Rillaboom|Fake Out|p2a: Indeedee\n|-activate|p2a: Indeedee|move: Protect\n|move|p1a: Gholdengo|Shadow Ball|p2b: Pelipper\n|-damage|p2b: Pelipper|21\/100\n|-damage|p1a: Gholdengo|9\/100|[from] item: Life Orb\n|move|p2b: Pelipper|Weather Ball|p1a: Gholdengo\n|-damage|p1a: Gholdengo|0 fnt\n|faint|p1a: Gholdengo\n|\n|-weather|RainDance|[upkeep]\n|-heal|p2a: Indeedee|46\/100|[from] Grassy Terrain\n|upkeep\n|\n|t:|1733362240\n|switch|p1a: Sneasler|Sneasler, L50, F|100\/100\n|turn|7\n|\n|t:|1733362246\n|move|p2a: Indeedee|Protect||[still]\n|-fail|p2a: Indeedee\n|move|p1a: Sneasler|Fake Out|p2a: Indeedee\n|-damage|p2a: Indeedee|16\/100\n|move|p1b: Rillaboom|Grassy Glide|p2b: Pelipper\n|-damage|p2b: Pelipper|0 fnt\n|faint|p2b: Pelipper\n|\n|-weather|RainDance|[upkeep]\n|-heal|p2a: Indeedee|22\/100|[from] Grassy Terrain\n|upkeep\n|turn|8\n|-message|jayjazZa forfeited.\n|\n|win|corndog7\n|raw|corndog7's rating: 1769 &rarr; <strong>1790<\/strong><br \/>(+21 for winning)\n|raw|jayjazZa's rating: 1778 &rarr; <strong>1757<\/strong><br \/>(-21 for losing)\n|l|\u2606jayjazZa\n|player|p2|\n|l|\u2606corndog7\n|player|p1|\n","uploadtime":1733362511,"views":26,"formatid":"gen9vgc2024regh","rating":1757,"private":0,"password":null}