{"id":"gen9vgc2024regh-2256328302","format":"[Gen 9] VGC 2024 Reg H","players":["corndog7","Djjwjwwjj"],"log":"|j|\u2606corndog7\n|j|\u2606Djjwjwwjj\n|t:|1733283994\n|gametype|doubles\n|player|p1|corndog7|linebacker|1794\n|player|p2|Djjwjwwjj|101|1808\n|teamsize|p1|6\n|teamsize|p2|6\n|gen|9\n|tier|[Gen 9] VGC 2024 Reg H\n|rated|\n|rule|Species Clause: Limit one of each Pok\u00e9mon\n|rule|Item Clause: Limit 1 of each item\n|clearpoke\n|poke|p1|Primarina, L50, M|\n|poke|p1|Volcarona, L50, M|\n|poke|p1|Kingambit, L50, M|\n|poke|p1|Sneasler, L50, F|\n|poke|p1|Rillaboom, L50, F|\n|poke|p1|Gholdengo, L50|\n|poke|p2|Palafin, L50, M|\n|poke|p2|Pelipper, L50, M|\n|poke|p2|Rillaboom, L50, M|\n|poke|p2|Electabuzz, L50, M|\n|poke|p2|Gholdengo, L50|\n|poke|p2|Incineroar, L50, F|\n|teampreview|4\n|inactive|Battle timer is ON: inactive players will automatically lose when time's up. (requested by Djjwjwwjj)\n|inactive|corndog7 also wants the timer to be on.\n|inactive|Djjwjwwjj has 60 seconds left.\n|\n|t:|1733284054\n|start\n|switch|p1a: Volcarona|Volcarona, L50, M|100\/100\n|switch|p1b: Rillaboom|Rillaboom, L50, F|100\/100\n|switch|p2a: Palafin|Palafin, L50, M|100\/100\n|switch|p2b: Incineroar|Incineroar, L50, F|100\/100\n|-ability|p2b: Incineroar|Intimidate|boost\n|-unboost|p1a: Volcarona|atk|1\n|-unboost|p1b: Rillaboom|atk|1\n|-fieldstart|move: Grassy Terrain|[from] ability: Grassy Surge|[of] p1b: Rillaboom\n|turn|1\n|\n|t:|1733284079\n|-terastallize|p1a: Volcarona|Dragon\n|move|p1b: Rillaboom|Fake Out|p2b: Incineroar\n|-damage|p2b: Incineroar|91\/100\n|move|p2a: Palafin|Wave Crash|p1a: Volcarona\n|-resisted|p1a: Volcarona\n|-damage|p1a: Volcarona|75\/100\n|-damage|p2a: Palafin|91\/100|[from] Recoil\n|move|p1a: Volcarona|Quiver Dance|p1a: Volcarona\n|-boost|p1a: Volcarona|spa|1\n|-boost|p1a: Volcarona|spd|1\n|-boost|p1a: Volcarona|spe|1\n|-enditem|p2b: Incineroar|Mirror Herb\n|-boost|p2b: Incineroar|spa|1|[from] item: Mirror Herb\n|-boost|p2b: Incineroar|spd|1|[from] item: Mirror Herb\n|-boost|p2b: Incineroar|spe|1|[from] item: Mirror Herb\n|cant|p2b: Incineroar|flinch\n|\n|-heal|p1a: Volcarona|82\/100|[from] Grassy Terrain\n|-heal|p2a: Palafin|98\/100|[from] Grassy Terrain\n|-heal|p2b: Incineroar|97\/100|[from] Grassy Terrain\n|upkeep\n|turn|2\n|inactive|corndog7 has 30 seconds left.\n|inactive|Djjwjwwjj has 30 seconds left.\n|inactive|corndog7 has 20 seconds left.\n|\n|t:|1733284117\n|-terastallize|p2a: Palafin|Fighting\n|move|p1a: Volcarona|Heat Wave|p2b: Incineroar|[spread] p2a,p2b\n|-resisted|p2b: Incineroar\n|-damage|p2a: Palafin|31\/100\n|-damage|p2b: Incineroar|82\/100\n|move|p2a: Palafin|Close Combat|p1a: Volcarona\n|-damage|p1a: Volcarona|25\/100\n|-unboost|p2a: Palafin|def|1\n|-unboost|p2a: Palafin|spd|1\n|-status|p2a: Palafin|brn|[from] ability: Flame Body|[of] p1a: Volcarona\n|move|p2b: Incineroar|Knock Off|p1a: Volcarona\n|-damage|p1a: Volcarona|0 fnt\n|-enditem|p1a: Volcarona|Covert Cloak|[from] move: Knock Off|[of] p2b: Incineroar\n|faint|p1a: Volcarona\n|move|p1b: Rillaboom|High Horsepower|p2b: Incineroar\n|-supereffective|p2b: Incineroar\n|-damage|p2b: Incineroar|33\/100\n|\n|-heal|p2a: Palafin|37\/100 brn|[from] Grassy Terrain\n|-heal|p2b: Incineroar|39\/100|[from] Grassy Terrain\n|-damage|p2a: Palafin|31\/100 brn|[from] brn\n|upkeep\n|\n|t:|1733284142\n|switch|p1a: Primarina|Primarina, L50, M|100\/100\n|turn|3\n|\n|t:|1733284152\n|detailschange|p2a: Palafin|Palafin-Hero, L50, M, tera:Fighting\n|switch|p2a: Rillaboom|Rillaboom, L50, M|100\/100\n|move|p2b: Incineroar|Flare Blitz|p1b: Rillaboom\n|-supereffective|p1b: Rillaboom\n|-damage|p1b: Rillaboom|1\/100\n|-damage|p2b: Incineroar|5\/100|[from] Recoil\n|move|p1b: Rillaboom|High Horsepower|p2b: Incineroar\n|-supereffective|p2b: Incineroar\n|-damage|p2b: Incineroar|0 fnt\n|faint|p2b: Incineroar\n|move|p1a: Primarina|Hyper Voice|p2a: Rillaboom\n|-resisted|p2a: Rillaboom\n|-damage|p2a: Rillaboom|84\/100\n|-enditem|p1a: Primarina|Throat Spray\n|-boost|p1a: Primarina|spa|1|[from] item: Throat Spray\n|\n|-heal|p2a: Rillaboom|89\/100|[from] Grassy Terrain\n|-heal|p1b: Rillaboom|7\/100|[from] Grassy Terrain\n|upkeep\n|\n|t:|1733284170\n|switch|p2b: Palafin|Palafin-Hero, L50, M, tera:Fighting|31\/100 brn\n|-activate|p2b: Palafin|ability: Zero to Hero\n|turn|4\n|\n|t:|1733284187\n|move|p1a: Primarina|Protect|p1a: Primarina\n|-singleturn|p1a: Primarina|Protect\n|move|p2b: Palafin|Jet Punch|p1b: Rillaboom\n|-resisted|p1b: Rillaboom\n|-damage|p1b: Rillaboom|0 fnt\n|faint|p1b: Rillaboom\n|move|p2a: Rillaboom|Wood Hammer|p1a: Primarina\n|-activate|p1a: Primarina|move: Protect\n|\n|-heal|p2b: Palafin|37\/100 brn|[from] Grassy Terrain\n|-heal|p2a: Rillaboom|95\/100|[from] Grassy Terrain\n|-damage|p2b: Palafin|31\/100 brn|[from] brn\n|upkeep\n|\n|t:|1733284201\n|switch|p1b: Kingambit|Kingambit, L50, M|100\/100\n|turn|5\n|inactive|corndog7 has 30 seconds left.\n|\n|t:|1733284226\n|move|p1a: Primarina|Helping Hand|p1b: Kingambit\n|-singleturn|p1b: Kingambit|Helping Hand|[of] p1a: Primarina\n|move|p1b: Kingambit|Sucker Punch|p2a: Rillaboom\n|-damage|p2a: Rillaboom|28\/100\n|move|p2b: Palafin|Close Combat|p1b: Kingambit\n|-supereffective|p1b: Kingambit\n|-damage|p1b: Kingambit|0 fnt\n|-unboost|p2b: Palafin|def|1\n|-unboost|p2b: Palafin|spd|1\n|faint|p1b: Kingambit\n|move|p2a: Rillaboom|Wood Hammer|p1a: Primarina\n|-supereffective|p1a: Primarina\n|-crit|p1a: Primarina\n|-damage|p1a: Primarina|0 fnt\n|faint|p1a: Primarina\n|-damage|p2a: Rillaboom|0 fnt|[from] Recoil\n|faint|p2a: Rillaboom\n|\n|win|Djjwjwwjj\n|raw|corndog7's rating: 1794 &rarr; <strong>1775<\/strong><br \/>(-19 for losing)\n|raw|Djjwjwwjj's rating: 1808 &rarr; <strong>1827<\/strong><br \/>(+19 for winning)\n|l|\u2606Djjwjwwjj\n|player|p2|\n|l|\u2606corndog7\n|player|p1|\n","uploadtime":1733284420,"views":20,"formatid":"gen9vgc2024regh","rating":1775,"private":0,"password":null}