{"id":"gen9vgc2024regh-2256613012","format":"[Gen 9] VGC 2024 Reg H","players":["iSpinoThing","CarryTheBoats"],"log":"|j|\u2606iSpinoThing\n|j|\u2606CarryTheBoats\n|t:|1733327438\n|gametype|doubles\n|player|p1|iSpinoThing|n|1701\n|player|p2|CarryTheBoats|crasherwake|1712\n|teamsize|p1|6\n|teamsize|p2|6\n|gen|9\n|tier|[Gen 9] VGC 2024 Reg H\n|rated|\n|rule|Species Clause: Limit one of each Pok\u00e9mon\n|rule|Item Clause: Limit 1 of each item\n|clearpoke\n|poke|p1|Amoonguss, L50, F|\n|poke|p1|Incineroar, L50, M|\n|poke|p1|Kingambit, L50, F|\n|poke|p1|Ninetales-Alola, L50, F|\n|poke|p1|Garchomp, L50, M|\n|poke|p1|Dragonite, L50, M|\n|poke|p2|Archaludon, L50, F|\n|poke|p2|Pelipper, L50, M|\n|poke|p2|Amoonguss, L50, F|\n|poke|p2|Incineroar, L50, M|\n|poke|p2|Basculegion, L50, M|\n|poke|p2|Dragonite, L50, F|\n|teampreview|4\n|j| Skelly10\n|\n|t:|1733327479\n|start\n|switch|p1a: Garchomp|Garchomp, L50, M|100\/100\n|switch|p1b: Amoonguss|Amoonguss, L50, F, shiny|100\/100\n|switch|p2a: Amoonguss|Amoonguss, L50, F|100\/100\n|switch|p2b: Incineroar|Incineroar, L50, M, shiny|100\/100\n|-ability|p2b: Incineroar|Intimidate|boost\n|-unboost|p1a: Garchomp|atk|1\n|-unboost|p1b: Amoonguss|atk|1\n|turn|1\n|\n|t:|1733327536\n|switch|p1a: Dragonite|Dragonite, L50, M|100\/100\n|move|p2b: Incineroar|Knock Off|p1b: Amoonguss\n|-damage|p1b: Amoonguss|53\/100\n|-enditem|p1b: Amoonguss|Sitrus Berry|[from] move: Knock Off|[of] p2b: Incineroar\n|move|p1b: Amoonguss|Spore|p2b: Incineroar\n|-activate|p2b: Incineroar|item: Safety Goggles|Spore\n|move|p2a: Amoonguss|Spore|p1a: Dragonite\n|-status|p1a: Dragonite|slp|[from] move: Spore\n|\n|upkeep\n|turn|2\n|\n|t:|1733327576\n|move|p1b: Amoonguss|Protect|p1b: Amoonguss\n|-singleturn|p1b: Amoonguss|Protect\n|cant|p1a: Dragonite|slp\n|move|p2b: Incineroar|Knock Off|p1a: Dragonite\n|-damage|p1a: Dragonite|80\/100 slp\n|-enditem|p1a: Dragonite|Assault Vest|[from] move: Knock Off|[of] p2b: Incineroar\n|move|p2a: Amoonguss|Spore|p1b: Amoonguss\n|-activate|p1b: Amoonguss|move: Protect\n|\n|upkeep\n|turn|3\n|j| SerseCosmiVGC\n|\n|t:|1733327590\n|cant|p1a: Dragonite|slp\n|move|p2b: Incineroar|Flare Blitz|p1b: Amoonguss\n|-supereffective|p1b: Amoonguss\n|-damage|p1b: Amoonguss|0 fnt\n|faint|p1b: Amoonguss\n|-damage|p2b: Incineroar|82\/100|[from] Recoil\n|move|p2a: Amoonguss|Spore|p1a: Dragonite\n|-fail|p1a: Dragonite|slp\n|\n|upkeep\n|\n|t:|1733327601\n|switch|p1b: Ninetales|Ninetales-Alola, L50, F, shiny|100\/100\n|-weather|Snow|[from] ability: Snow Warning|[of] p1b: Ninetales\n|turn|4\n|\n|t:|1733327633\n|switch|p1b: Garchomp|Garchomp, L50, M|100\/100\n|switch|p2b: Archaludon|Archaludon, L50, F, shiny|100\/100\n|-curestatus|p1a: Dragonite|slp|[msg]\n|move|p1a: Dragonite|Ice Spinner|p2a: Amoonguss\n|-supereffective|p2a: Amoonguss\n|-damage|p2a: Amoonguss|59\/100\n|move|p2a: Amoonguss|Spore|p1b: Garchomp\n|-status|p1b: Garchomp|slp|[from] move: Spore\n|\n|-weather|Snow|[upkeep]\n|upkeep\n|turn|5\n|\n|t:|1733327656\n|-terastallize|p1b: Garchomp|Steel\n|cant|p1b: Garchomp|slp\n|move|p2b: Archaludon|Flash Cannon|p1b: Garchomp\n|-resisted|p1b: Garchomp\n|-crit|p1b: Garchomp\n|-damage|p1b: Garchomp|73\/100 slp\n|move|p1a: Dragonite|Ice Spinner|p2a: Amoonguss\n|-supereffective|p2a: Amoonguss\n|-damage|p2a: Amoonguss|10\/100\n|-enditem|p2a: Amoonguss|Sitrus Berry|[eat]\n|-heal|p2a: Amoonguss|35\/100|[from] item: Sitrus Berry\n|move|p2a: Amoonguss|Spore|p1a: Dragonite\n|-status|p1a: Dragonite|slp|[from] move: Spore\n|\n|-weather|Snow|[upkeep]\n|upkeep\n|turn|6\n|\n|t:|1733327678\n|switch|p2a: Pelipper|Pelipper, L50, M|100\/100\n|-weather|RainDance|[from] ability: Drizzle|[of] p2a: Pelipper\n|-terastallize|p2b: Archaludon|Bug\n|cant|p1b: Garchomp|slp\n|move|p2b: Archaludon|Electro Shot||[still]\n|-prepare|p2b: Archaludon|Electro Shot\n|-boost|p2b: Archaludon|spa|1\n|-anim|p2b: Archaludon|Electro Shot|p1b: Garchomp\n|-damage|p1b: Garchomp|11\/100 slp\n|cant|p1a: Dragonite|slp\n|\n|-weather|RainDance|[upkeep]\n|upkeep\n|turn|7\n|\n|t:|1733327698\n|switch|p2a: Incineroar|Incineroar, L50, M, shiny|82\/100\n|-ability|p2a: Incineroar|Intimidate|boost\n|-unboost|p1a: Dragonite|atk|1\n|-unboost|p1b: Garchomp|atk|1\n|-curestatus|p1b: Garchomp|slp|[msg]\n|move|p1b: Garchomp|Stomping Tantrum|p2b: Archaludon\n|-resisted|p2b: Archaludon\n|-damage|p2b: Archaludon|76\/100\n|-ability|p2b: Archaludon|Stamina|boost\n|-boost|p2b: Archaludon|def|1\n|move|p2b: Archaludon|Flash Cannon|p1b: Garchomp\n|-resisted|p1b: Garchomp\n|-damage|p1b: Garchomp|0 fnt\n|faint|p1b: Garchomp\n|-curestatus|p1a: Dragonite|slp|[msg]\n|move|p1a: Dragonite|Ice Spinner|p2a: Incineroar\n|-resisted|p2a: Incineroar\n|-damage|p2a: Incineroar|73\/100\n|\n|-weather|RainDance|[upkeep]\n|upkeep\n|\n|t:|1733327716\n|switch|p1b: Ninetales|Ninetales-Alola, L50, F, shiny|100\/100\n|-weather|Snow|[from] ability: Snow Warning|[of] p1b: Ninetales\n|turn|8\n|\n|t:|1733327727\n|move|p2a: Incineroar|Fake Out|p1a: Dragonite\n|-damage|p1a: Dragonite|68\/100\n|move|p1b: Ninetales|Freeze-Dry|p2a: Incineroar\n|-resisted|p2a: Incineroar\n|-damage|p2a: Incineroar|59\/100\n|move|p2b: Archaludon|Flash Cannon|p1a: Dragonite\n|-damage|p1a: Dragonite|17\/100\n|cant|p1a: Dragonite|flinch\n|\n|-weather|Snow|[upkeep]\n|upkeep\n|turn|9\n|\n|t:|1733327737\n|switch|p2a: Pelipper|Pelipper, L50, M|100\/100\n|-weather|RainDance|[from] ability: Drizzle|[of] p2a: Pelipper\n|move|p1b: Ninetales|Freeze-Dry|p2a: Pelipper\n|-supereffective|p2a: Pelipper\n|-enditem|p2a: Pelipper|Focus Sash\n|-damage|p2a: Pelipper|1\/100\n|move|p2b: Archaludon|Flash Cannon|p1a: Dragonite\n|-damage|p1a: Dragonite|0 fnt\n|faint|p1a: Dragonite\n|\n|-weather|RainDance|[upkeep]\n|upkeep\n|turn|10\n|\n|t:|1733327748\n|switch|p2a: Incineroar|Incineroar, L50, M, shiny|59\/100\n|-ability|p2a: Incineroar|Intimidate|boost\n|-unboost|p1b: Ninetales|atk|1\n|move|p1b: Ninetales|Freeze-Dry|p2b: Archaludon\n|-damage|p2b: Archaludon|51\/100\n|-ability|p2b: Archaludon|Stamina|boost\n|-boost|p2b: Archaludon|def|1\n|move|p2b: Archaludon|Flash Cannon|p1b: Ninetales\n|-supereffective|p1b: Ninetales\n|-damage|p1b: Ninetales|0 fnt\n|faint|p1b: Ninetales\n|\n|win|CarryTheBoats\n|raw|iSpinoThing's rating: 1701 &rarr; <strong>1682<\/strong><br \/>(-19 for losing)\n|raw|CarryTheBoats's rating: 1712 &rarr; <strong>1731<\/strong><br \/>(+19 for winning)\n|l|\u2606CarryTheBoats\n|player|p2|\n|l| SerseCosmiVGC\n|l|\u2606iSpinoThing\n|player|p1|\n|l| Skelly10\n","uploadtime":1733327931,"views":6,"formatid":"gen9vgc2024regh","rating":1682,"private":0,"password":null}