{"id":"gen9vgc2024regh-2256956313","format":"[Gen 9] VGC 2024 Reg H","players":["futonkagebunshin","totolaw"],"log":"|j|\u2606futonkagebunshin\n|j|\u2606totolaw\n|t:|1733363621\n|gametype|doubles\n|player|p1|futonkagebunshin|policeman-gen4|1730\n|player|p2|totolaw|101|1687\n|teamsize|p1|6\n|teamsize|p2|6\n|gen|9\n|tier|[Gen 9] VGC 2024 Reg H\n|rated|\n|rule|Species Clause: Limit one of each Pok\u00e9mon\n|rule|Item Clause: Limit 1 of each item\n|clearpoke\n|poke|p1|Sinistcha, L50|\n|poke|p1|Incineroar, L50, F|\n|poke|p1|Araquanid, L50, F|\n|poke|p1|Electabuzz, L50, F|\n|poke|p1|Sylveon, L50, F|\n|poke|p1|Kommo-o, L50, F|\n|poke|p2|Indeedee-F, L50, F|\n|poke|p2|Armarouge, L50, M|\n|poke|p2|Ninetales-Alola, L50, F|\n|poke|p2|Sneasler, L50, M|\n|poke|p2|Ursaluna-Bloodmoon, L50, M|\n|poke|p2|Empoleon, L50, M|\n|teampreview|4\n|\n|t:|1733363690\n|start\n|switch|p1a: Electabuzz|Electabuzz, L50, F|100\/100\n|switch|p1b: Araquanid|Araquanid, L50, F|100\/100\n|switch|p2a: Armarouge|Armarouge, L50, M|100\/100\n|switch|p2b: Empoleon|Empoleon, L50, M|100\/100\n|turn|1\n|\n|t:|1733363726\n|move|p2a: Armarouge|Protect|p2a: Armarouge\n|-singleturn|p2a: Armarouge|Protect\n|move|p1a: Electabuzz|Follow Me|p1a: Electabuzz\n|-singleturn|p1a: Electabuzz|move: Follow Me\n|move|p2b: Empoleon|Hydro Pump|p1a: Electabuzz\n|-damage|p1a: Electabuzz|59\/100\n|move|p1b: Araquanid|Substitute|p1b: Araquanid\n|-start|p1b: Araquanid|Substitute\n|-damage|p1b: Araquanid|76\/100\n|\n|upkeep\n|turn|2\n|\n|t:|1733363746\n|switch|p2b: Indeedee|Indeedee-F, L50, F|100\/100\n|-fieldstart|move: Psychic Terrain|[from] ability: Psychic Surge|[of] p2b: Indeedee\n|-terastallize|p2a: Armarouge|Grass\n|move|p1a: Electabuzz|Volt Switch|p2b: Indeedee\n|-crit|p2b: Indeedee\n|-damage|p2b: Indeedee|70\/100\n|\n|t:|1733363758\n|switch|p1a: Incineroar|Incineroar, L50, F|100\/100|[from] Volt Switch\n|-ability|p1a: Incineroar|Intimidate|boost\n|-unboost|p2a: Armarouge|atk|1\n|-unboost|p2b: Indeedee|atk|1\n|move|p2a: Armarouge|Expanding Force|p1a: Incineroar|[spread] p1b\n|-immune|p1a: Incineroar\n|-end|p1b: Araquanid|Substitute\n|move|p1b: Araquanid|Liquidation|p2a: Armarouge\n|-resisted|p2a: Armarouge\n|-damage|p2a: Armarouge|72\/100\n|\n|upkeep\n|turn|3\n|\n|t:|1733363790\n|switch|p2b: Empoleon|Empoleon, L50, M|100\/100\n|move|p2a: Armarouge|Protect|p2a: Armarouge\n|-singleturn|p2a: Armarouge|Protect\n|move|p1a: Incineroar|Knock Off|p2b: Empoleon\n|-damage|p2b: Empoleon|56\/100\n|-enditem|p2b: Empoleon|Assault Vest|[from] move: Knock Off|[of] p1a: Incineroar\n|move|p1b: Araquanid|Lunge|p2a: Armarouge\n|-activate|p2a: Armarouge|move: Protect\n|\n|upkeep\n|turn|4\n|\n|t:|1733363811\n|switch|p1a: Sinistcha|Sinistcha, L50|100\/100\n|-heal|p1b: Araquanid|100\/100|[from] ability: Hospitality|[of] p1a: Sinistcha\n|move|p2a: Armarouge|Expanding Force|p1b: Araquanid|[spread] p1a,p1b\n|-damage|p1a: Sinistcha|2\/100\n|-damage|p1b: Araquanid|33\/100\n|move|p2b: Empoleon|Hydro Pump|p1a: Sinistcha\n|-resisted|p1a: Sinistcha\n|-damage|p1a: Sinistcha|0 fnt\n|faint|p1a: Sinistcha\n|move|p1b: Araquanid|Lunge|p2a: Armarouge\n|-supereffective|p2a: Armarouge\n|-damage|p2a: Armarouge|18\/100\n|-unboost|p2a: Armarouge|atk|1\n|\n|upkeep\n|\n|t:|1733363826\n|switch|p1a: Electabuzz|Electabuzz, L50, F|59\/100\n|turn|5\n|\n|t:|1733363868\n|move|p1b: Araquanid|Wide Guard|p1b: Araquanid\n|-singleturn|p1b: Araquanid|Wide Guard\n|move|p1a: Electabuzz|Volt Switch|p2b: Empoleon\n|-supereffective|p2b: Empoleon\n|-damage|p2b: Empoleon|9\/100\n|\n|t:|1733363873\n|switch|p1a: Incineroar|Incineroar, L50, F|100\/100|[from] Volt Switch\n|-ability|p1a: Incineroar|Intimidate|boost\n|-unboost|p2a: Armarouge|atk|1\n|-unboost|p2b: Empoleon|atk|1\n|-ability|p2b: Empoleon|Competitive|boost\n|-boost|p2b: Empoleon|spa|2\n|move|p2a: Armarouge|Expanding Force|p1b: Araquanid|[spread] \n|-activate|p1a: Incineroar|move: Wide Guard\n|-activate|p1b: Araquanid|move: Wide Guard\n|move|p2b: Empoleon|Flash Cannon|p1a: Incineroar\n|-resisted|p1a: Incineroar\n|-damage|p1a: Incineroar|68\/100\n|\n|upkeep\n|turn|6\n|\n|t:|1733363914\n|switch|p1b: Electabuzz|Electabuzz, L50, F|59\/100\n|move|p2a: Armarouge|Expanding Force|p1b: Electabuzz|[spread] p1b\n|-immune|p1a: Incineroar\n|-damage|p1b: Electabuzz|0 fnt\n|faint|p1b: Electabuzz\n|move|p2b: Empoleon|Hydro Pump|p1a: Incineroar\n|-supereffective|p1a: Incineroar\n|-damage|p1a: Incineroar|0 fnt\n|faint|p1a: Incineroar\n|\n|-fieldend|move: Psychic Terrain\n|upkeep\n|-message|futonkagebunshin forfeited.\n|\n|win|totolaw\n|raw|futonkagebunshin's rating: 1730 &rarr; <strong>1708<\/strong><br \/>(-22 for losing)\n|raw|totolaw's rating: 1687 &rarr; <strong>1709<\/strong><br \/>(+22 for winning)\n|l|\u2606totolaw\n|player|p2|\n","uploadtime":1733364171,"views":15,"formatid":"gen9vgc2024regh","rating":1708,"private":0,"password":null}