{"id":"gen9vgc2024regh-2256323551","format":"[Gen 9] VGC 2024 Reg H","players":["elvegis1","Spottedwoot"],"log":"|j|\u2606elvegis1\n|j|\u2606Spottedwoot\n|t:|1733283320\n|gametype|doubles\n|player|p1|elvegis1|lucas|1843\n|player|p2|Spottedwoot|102|1790\n|teamsize|p1|6\n|teamsize|p2|6\n|gen|9\n|tier|[Gen 9] VGC 2024 Reg H\n|rated|\n|rule|Species Clause: Limit one of each Pok\u00e9mon\n|rule|Item Clause: Limit 1 of each item\n|clearpoke\n|poke|p1|Incineroar, L50, F|\n|poke|p1|Kingambit, L50, M|\n|poke|p1|Dusclops, L50, M|\n|poke|p1|Gastrodon-East, L50, M|\n|poke|p1|Ursaluna-Bloodmoon, L50, M|\n|poke|p1|Zoroark-Hisui, L50, F|\n|poke|p2|Pelipper, L50, M|\n|poke|p2|Archaludon, L50, F|\n|poke|p2|Gholdengo, L50|\n|poke|p2|Basculegion, L50, M|\n|poke|p2|Rillaboom, L50, F|\n|poke|p2|Sneasler, L50, F|\n|teampreview|4\n|inactive|Battle timer is ON: inactive players will automatically lose when time's up. (requested by elvegis1)\n|inactive|elvegis1 has 60 seconds left.\n|\n|t:|1733283376\n|start\n|switch|p1a: Gastrodon|Gastrodon-East, L50, M|100\/100\n|switch|p1b: Dusclops|Dusclops, L50, M|100\/100\n|switch|p2a: Gholdengo|Gholdengo, L50|100\/100\n|switch|p2b: Archaludon|Archaludon, L50, F, shiny|100\/100\n|-item|p2a: Gholdengo|Life Orb|[from] ability: Frisk|[of] p1b: Dusclops\n|-item|p2b: Archaludon|Assault Vest|[from] ability: Frisk|[of] p1b: Dusclops\n|turn|1\n|inactive|elvegis1 has 30 seconds left.\n|inactive|Spottedwoot has 30 seconds left.\n|inactive|elvegis1 has 20 seconds left.\n|inactive|Spottedwoot has 20 seconds left.\n|inactive|elvegis1 has 15 seconds left.\n|\n|t:|1733283421\n|switch|p2b: Rillaboom|Rillaboom, L50, F|100\/100\n|-fieldstart|move: Grassy Terrain|[from] ability: Grassy Surge|[of] p2b: Rillaboom\n|-terastallize|p1a: Gastrodon|Stellar\n|move|p1a: Gastrodon|Shadow Ball|p2a: Gholdengo\n|-supereffective|p2a: Gholdengo\n|-damage|p2a: Gholdengo|0 fnt\n|faint|p2a: Gholdengo\n|move|p1b: Dusclops|Trick Room|p1b: Dusclops\n|-fieldstart|move: Trick Room|[of] p1b: Dusclops\n|\n|upkeep\n|\n|t:|1733283431\n|switch|p2a: Archaludon|Archaludon, L50, F, shiny|100\/100\n|turn|2\n|\n|t:|1733283449\n|switch|p1a: Kingambit|Kingambit, L50, M|100\/100\n|move|p1b: Dusclops|Will-O-Wisp|p2b: Rillaboom\n|-status|p2b: Rillaboom|brn\n|move|p2b: Rillaboom|Wood Hammer|p1a: Kingambit\n|-resisted|p1a: Kingambit\n|-damage|p1a: Kingambit|84\/100\n|-damage|p2b: Rillaboom|95\/100 brn|[from] Recoil\n|move|p2a: Archaludon|Flash Cannon|p1a: Kingambit\n|-resisted|p1a: Kingambit\n|-damage|p1a: Kingambit|67\/100\n|\n|-heal|p1a: Kingambit|73\/100|[from] Grassy Terrain\n|-heal|p2b: Rillaboom|100\/100 brn|[from] Grassy Terrain\n|-damage|p2b: Rillaboom|94\/100 brn|[from] brn\n|upkeep\n|turn|3\n|\n|t:|1733283465\n|move|p1a: Kingambit|Protect|p1a: Kingambit\n|-singleturn|p1a: Kingambit|Protect\n|move|p2b: Rillaboom|Grassy Glide|p2a: Archaludon\n|-resisted|p2a: Archaludon\n|-damage|p2a: Archaludon|97\/100\n|-ability|p2a: Archaludon|Stamina|boost\n|-boost|p2a: Archaludon|def|1\n|move|p1b: Dusclops|Will-O-Wisp|p2a: Archaludon\n|-status|p2a: Archaludon|brn\n|move|p2a: Archaludon|Body Press|p1a: Kingambit\n|-activate|p1a: Kingambit|move: Protect\n|\n|-heal|p1a: Kingambit|78\/100|[from] Grassy Terrain\n|-heal|p2b: Rillaboom|100\/100 brn|[from] Grassy Terrain\n|-heal|p2a: Archaludon|100\/100 brn|[from] Grassy Terrain\n|-damage|p2b: Rillaboom|94\/100 brn|[from] brn\n|-damage|p2a: Archaludon|94\/100 brn|[from] brn\n|upkeep\n|turn|4\n|\n|t:|1733283489\n|move|p2b: Rillaboom|Grassy Glide|p2a: Archaludon\n|-resisted|p2a: Archaludon\n|-damage|p2a: Archaludon|92\/100 brn\n|-ability|p2a: Archaludon|Stamina|boost\n|-boost|p2a: Archaludon|def|1\n|move|p1b: Dusclops|Night Shade|p2b: Rillaboom\n|-damage|p2b: Rillaboom|69\/100 brn\n|move|p1a: Kingambit|Kowtow Cleave|p2b: Rillaboom\n|-damage|p2b: Rillaboom|20\/100 brn\n|-enditem|p2b: Rillaboom|Sitrus Berry|[eat]\n|-heal|p2b: Rillaboom|44\/100 brn|[from] item: Sitrus Berry\n|move|p2a: Archaludon|Body Press|p1a: Kingambit\n|-supereffective|p1a: Kingambit\n|-damage|p1a: Kingambit|10\/100\n|\n|-heal|p1a: Kingambit|16\/100|[from] Grassy Terrain\n|-heal|p2b: Rillaboom|50\/100 brn|[from] Grassy Terrain\n|-heal|p2a: Archaludon|98\/100 brn|[from] Grassy Terrain\n|-damage|p2b: Rillaboom|44\/100 brn|[from] brn\n|-damage|p2a: Archaludon|92\/100 brn|[from] brn\n|upkeep\n|turn|5\n|\n|t:|1733283512\n|switch|p2b: Sneasler|Sneasler, L50, F|100\/100\n|move|p1b: Dusclops|Night Shade|p2b: Sneasler\n|-damage|p2b: Sneasler|68\/100\n|move|p1a: Kingambit|Kowtow Cleave|p2b: Sneasler\n|-resisted|p2b: Sneasler\n|-damage|p2b: Sneasler|23\/100\n|move|p2a: Archaludon|Electro Shot||[still]\n|-prepare|p2a: Archaludon|Electro Shot\n|-boost|p2a: Archaludon|spa|1\n|\n|-heal|p1a: Kingambit|22\/100|[from] Grassy Terrain\n|-heal|p2a: Archaludon|98\/100 brn|[from] Grassy Terrain\n|-heal|p2b: Sneasler|29\/100|[from] Grassy Terrain\n|-damage|p2a: Archaludon|92\/100 brn|[from] brn\n|-fieldend|move: Trick Room\n|-fieldend|move: Grassy Terrain\n|upkeep\n|turn|6\n|\n|t:|1733283528\n|move|p1a: Kingambit|Protect|p1a: Kingambit\n|-singleturn|p1a: Kingambit|Protect\n|move|p2b: Sneasler|Dire Claw|p1b: Dusclops\n|-resisted|p1b: Dusclops\n|-damage|p1b: Dusclops|88\/100\n|move|p2a: Archaludon|Electro Shot|p1a: Kingambit|[from]lockedmove\n|-activate|p1a: Kingambit|move: Protect\n|move|p1b: Dusclops|Trick Room|p1b: Dusclops\n|-fieldstart|move: Trick Room|[of] p1b: Dusclops\n|\n|-damage|p2a: Archaludon|86\/100 brn|[from] brn\n|upkeep\n|turn|7\n|\n|t:|1733283546\n|move|p2b: Sneasler|Protect|p2b: Sneasler\n|-singleturn|p2b: Sneasler|Protect\n|move|p1b: Dusclops|Night Shade|p2a: Archaludon\n|-damage|p2a: Archaludon|58\/100 brn\n|-ability|p2a: Archaludon|Stamina|boost\n|-boost|p2a: Archaludon|def|1\n|move|p1a: Kingambit|Kowtow Cleave|p2b: Sneasler\n|-activate|p2b: Sneasler|move: Protect\n|move|p2a: Archaludon|Body Press|p1a: Kingambit\n|-supereffective|p1a: Kingambit\n|-damage|p1a: Kingambit|0 fnt\n|faint|p1a: Kingambit\n|\n|-damage|p2a: Archaludon|52\/100 brn|[from] brn\n|upkeep\n|\n|t:|1733283561\n|switch|p1a: Gastrodon|Gastrodon-East, L50, M|100\/100\n|turn|8\n|\n|t:|1733283570\n|switch|p2b: Rillaboom|Rillaboom, L50, F|44\/100 brn\n|-fieldstart|move: Grassy Terrain|[from] ability: Grassy Surge|[of] p2b: Rillaboom\n|-terastallize|p2a: Archaludon|Fairy\n|move|p1b: Dusclops|Night Shade|p2a: Archaludon\n|-damage|p2a: Archaludon|25\/100 brn\n|-ability|p2a: Archaludon|Stamina|boost\n|-boost|p2a: Archaludon|def|1\n|move|p1a: Gastrodon|Ice Beam|p2b: Rillaboom\n|-supereffective|p2b: Rillaboom\n|-damage|p2b: Rillaboom|0 fnt\n|faint|p2b: Rillaboom\n|move|p2a: Archaludon|Draco Meteor|p1b: Dusclops\n|-damage|p1b: Dusclops|41\/100\n|-unboost|p2a: Archaludon|spa|2\n|\n|-heal|p1b: Dusclops|47\/100|[from] Grassy Terrain\n|-heal|p2a: Archaludon|31\/100 brn|[from] Grassy Terrain\n|-damage|p2a: Archaludon|25\/100 brn|[from] brn\n|upkeep\n|\n|t:|1733283580\n|switch|p2b: Sneasler|Sneasler, L50, F|29\/100\n|turn|9\n|-message|Spottedwoot forfeited.\n|\n|win|elvegis1\n|raw|elvegis1's rating: 1843 &rarr; <strong>1860<\/strong><br \/>(+17 for winning)\n|raw|Spottedwoot's rating: 1790 &rarr; <strong>1773<\/strong><br \/>(-17 for losing)\n|l|\u2606Spottedwoot\n|player|p2|\n|l|\u2606elvegis1\n|player|p1|\n","uploadtime":1733283730,"views":26,"formatid":"gen9vgc2024regh","rating":1773,"private":0,"password":null}