{"id":"gen9vgc2024regh-2256782890","format":"[Gen 9] VGC 2024 Reg H","players":["IsabellaPasquale","pys_max"],"log":"|j|\u2606IsabellaPasquale\n|j|\u2606pys_max\n|t:|1733343712\n|gametype|doubles\n|player|p1|IsabellaPasquale|gentleman-gen1|1762\n|player|p2|pys_max|170|1751\n|teamsize|p1|6\n|teamsize|p2|6\n|gen|9\n|tier|[Gen 9] VGC 2024 Reg H\n|rated|\n|rule|Species Clause: Limit one of each Pok\u00e9mon\n|rule|Item Clause: Limit 1 of each item\n|clearpoke\n|poke|p1|Electabuzz, L50, M|\n|poke|p1|Archaludon, L50, M|\n|poke|p1|Ninetales-Alola, L50, M|\n|poke|p1|Rillaboom, L50, F|\n|poke|p1|Armarouge, L50, F|\n|poke|p1|Ursaluna-Bloodmoon, L50, M|\n|poke|p2|Chandelure, L50, M|\n|poke|p2|Ursaluna-Bloodmoon, L50, M|\n|poke|p2|Sneasler, L50, F|\n|poke|p2|Dragonite, L50, F|\n|poke|p2|Kingambit, L50, F|\n|poke|p2|Archaludon, L50, M|\n|teampreview|4\n|inactive|Battle timer is ON: inactive players will automatically lose when time's up. (requested by IsabellaPasquale)\n|inactive|pys_max has 60 seconds left.\n|inactive|IsabellaPasquale has 60 seconds left.\n|\n|t:|1733343788\n|start\n|switch|p1a: Electabuzz|Electabuzz, L50, M|100\/100\n|switch|p1b: Ursaluna|Ursaluna-Bloodmoon, L50, M|100\/100\n|switch|p2a: Archaludon|Archaludon, L50, M|100\/100\n|switch|p2b: Sneasler|Sneasler, L50, F|100\/100\n|turn|1\n|inactive|pys_max has 30 seconds left.\n|inactive|pys_max has 20 seconds left.\n|inactive|pys_max has 15 seconds left.\n|inactive|pys_max has 10 seconds left.\n|inactive|pys_max has 5 seconds left.\n|\n|t:|1733343841\n|move|p1a: Electabuzz|Protect|p1a: Electabuzz\n|-singleturn|p1a: Electabuzz|Protect\n|move|p1b: Ursaluna|Protect|p1b: Ursaluna\n|-singleturn|p1b: Ursaluna|Protect\n|move|p2b: Sneasler|Fake Out|p1b: Ursaluna\n|-activate|p1b: Ursaluna|move: Protect\n|move|p2a: Archaludon|Electro Shot||[still]\n|-prepare|p2a: Archaludon|Electro Shot\n|-boost|p2a: Archaludon|spa|1\n|-enditem|p2a: Archaludon|Power Herb\n|-anim|p2a: Archaludon|Electro Shot|p1a: Electabuzz\n|-activate|p1a: Electabuzz|move: Protect\n|\n|upkeep\n|turn|2\n|j| canto 7 spoilers\n|\n|t:|1733343862\n|-terastallize|p1b: Ursaluna|Ghost\n|move|p2b: Sneasler|Close Combat|p1b: Ursaluna\n|-immune|p1b: Ursaluna\n|move|p1a: Electabuzz|Electroweb|p2a: Archaludon|[spread] p2a,p2b\n|-resisted|p2a: Archaludon\n|-damage|p2a: Archaludon|91\/100\n|-damage|p2b: Sneasler|80\/100\n|-unboost|p2a: Archaludon|spe|1\n|-unboost|p2b: Sneasler|spe|1\n|-ability|p2a: Archaludon|Stamina|boost\n|-boost|p2a: Archaludon|def|1\n|move|p1b: Ursaluna|Earth Power|p2a: Archaludon\n|-supereffective|p2a: Archaludon\n|-damage|p2a: Archaludon|0 fnt\n|faint|p2a: Archaludon\n|-damage|p1b: Ursaluna|91\/100|[from] item: Life Orb\n|\n|upkeep\n|c|\u2606IsabellaPasquale|gg\n|inactive|pys_max has 30 seconds left.\n|\n|t:|1733343894\n|switch|p2a: Ursaluna|Ursaluna-Bloodmoon, L50, M|100\/100\n|turn|3\n|\n|t:|1733343908\n|move|p1a: Electabuzz|Electroweb|p2a: Ursaluna|[spread] p2b\n|-immune|p2a: Ursaluna\n|-damage|p2b: Sneasler|63\/100\n|-unboost|p2b: Sneasler|spe|1\n|move|p1b: Ursaluna|Blood Moon|p2a: Ursaluna\n|-damage|p2a: Ursaluna|20\/100\n|-damage|p1b: Ursaluna|81\/100|[from] item: Life Orb\n|move|p2b: Sneasler|Throat Chop|p1b: Ursaluna\n|-supereffective|p1b: Ursaluna\n|-damage|p1b: Ursaluna|34\/100\n|-start|p1b: Ursaluna|Throat Chop|[silent]\n|move|p2a: Ursaluna|Hyper Voice|p1b: Ursaluna|[spread] p1a,p1b\n|-damage|p1a: Electabuzz|67\/100\n|-damage|p1b: Ursaluna|0 fnt\n|faint|p1b: Ursaluna\n|\n|upkeep\n|\n|t:|1733343925\n|switch|p1b: Ninetales|Ninetales-Alola, L50, M|100\/100\n|-weather|Snow|[from] ability: Snow Warning|[of] p1b: Ninetales\n|turn|4\n|\n|t:|1733343936\n|switch|p2a: Chandelure|Chandelure, L50, M|100\/100\n|move|p1a: Electabuzz|Follow Me|p1a: Electabuzz\n|-singleturn|p1a: Electabuzz|move: Follow Me\n|move|p1b: Ninetales|Blizzard|p2a: Chandelure|[spread] p2a,p2b\n|-resisted|p2a: Chandelure\n|-damage|p2a: Chandelure|82\/100\n|-damage|p2b: Sneasler|18\/100\n|move|p2b: Sneasler|Dire Claw|p1a: Electabuzz\n|-damage|p1a: Electabuzz|28\/100\n|\n|-weather|Snow|[upkeep]\n|upkeep\n|turn|5\n|inactive|IsabellaPasquale has 30 seconds left.\n|\n|t:|1733343966\n|move|p1b: Ninetales|Blizzard|p2b: Sneasler|[spread] p2a,p2b\n|-resisted|p2a: Chandelure\n|-damage|p2a: Chandelure|62\/100\n|-damage|p2b: Sneasler|0 fnt\n|faint|p2b: Sneasler\n|move|p1a: Electabuzz|Electroweb|p2a: Chandelure\n|-damage|p2a: Chandelure|40\/100\n|-unboost|p2a: Chandelure|spe|1\n|-enditem|p2a: Chandelure|Sitrus Berry|[eat]\n|-heal|p2a: Chandelure|65\/100|[from] item: Sitrus Berry\n|move|p2a: Chandelure|Trick Room|p2a: Chandelure\n|-fieldstart|move: Trick Room|[of] p2a: Chandelure\n|\n|-weather|Snow|[upkeep]\n|upkeep\n|\n|t:|1733343978\n|switch|p2b: Ursaluna|Ursaluna-Bloodmoon, L50, M|20\/100\n|turn|6\n|\n|t:|1733343989\n|move|p1a: Electabuzz|Protect|p1a: Electabuzz\n|-singleturn|p1a: Electabuzz|Protect\n|move|p2a: Chandelure|Overheat|p1b: Ninetales\n|-supereffective|p1b: Ninetales\n|-crit|p1b: Ninetales\n|-damage|p1b: Ninetales|0 fnt\n|-unboost|p2a: Chandelure|spa|2\n|faint|p1b: Ninetales\n|move|p2b: Ursaluna|Hyper Voice|p1a: Electabuzz\n|-activate|p1a: Electabuzz|move: Protect\n|\n|-weather|Snow|[upkeep]\n|upkeep\n|\n|t:|1733343995\n|switch|p1b: Rillaboom|Rillaboom, L50, F|100\/100\n|-fieldstart|move: Grassy Terrain|[from] ability: Grassy Surge|[of] p1b: Rillaboom\n|turn|7\n|inactive|pys_max has 30 seconds left.\n|inactive|pys_max has 20 seconds left.\n|inactive|pys_max has 15 seconds left.\n|j| AlabamaChristian\n|\n|t:|1733344037\n|-terastallize|p2b: Ursaluna|Poison\n|move|p1a: Electabuzz|Follow Me|p1a: Electabuzz\n|-singleturn|p1a: Electabuzz|move: Follow Me\n|move|p1b: Rillaboom|Grassy Glide|p2b: Ursaluna\n|-resisted|p2b: Ursaluna\n|-damage|p2b: Ursaluna|7\/100\n|move|p2a: Chandelure|Shadow Ball|p1a: Electabuzz\n|-damage|p1a: Electabuzz|10\/100\n|move|p2b: Ursaluna|Hyper Voice|p1b: Rillaboom|[spread] p1a,p1b\n|-damage|p1a: Electabuzz|0 fnt\n|-damage|p1b: Rillaboom|68\/100\n|faint|p1a: Electabuzz\n|\n|-weather|Snow|[upkeep]\n|-heal|p2a: Chandelure|71\/100|[from] Grassy Terrain\n|-heal|p2b: Ursaluna|13\/100|[from] Grassy Terrain\n|-heal|p1b: Rillaboom|74\/100|[from] Grassy Terrain\n|upkeep\n|turn|8\n|\n|t:|1733344062\n|move|p2b: Ursaluna|Vacuum Wave|p1b: Rillaboom\n|-damage|p1b: Rillaboom|60\/100\n|move|p1b: Rillaboom|Grassy Glide|p2b: Ursaluna\n|-resisted|p2b: Ursaluna\n|-damage|p2b: Ursaluna|0 fnt\n|faint|p2b: Ursaluna\n|move|p2a: Chandelure|Overheat|p1b: Rillaboom\n|-supereffective|p1b: Rillaboom\n|-damage|p1b: Rillaboom|6\/100\n|-unboost|p2a: Chandelure|spa|2\n|\n|-weather|none\n|-heal|p2a: Chandelure|77\/100|[from] Grassy Terrain\n|-heal|p1b: Rillaboom|12\/100|[from] Grassy Terrain\n|upkeep\n|turn|9\n|\n|t:|1733344084\n|move|p2a: Chandelure|Overheat|p1b: Rillaboom\n|-supereffective|p1b: Rillaboom\n|-damage|p1b: Rillaboom|0 fnt\n|-unboost|p2a: Chandelure|spa|2\n|faint|p1b: Rillaboom\n|\n|win|pys_max\n|raw|IsabellaPasquale's rating: 1736 &rarr; <strong>1717<\/strong><br \/>(-19 for losing)\n|raw|pys_max's rating: 1751 &rarr; <strong>1770<\/strong><br \/>(+19 for winning)\n|l|\u2606IsabellaPasquale\n|player|p1|\n|l| canto 7 spoilers\n|l|\u2606pys_max\n|player|p2|\n","uploadtime":1733344358,"views":9,"formatid":"gen9vgc2024regh","rating":1717,"private":0,"password":null}