{"id":"gen9vgc2024regh-2256555400","format":"[Gen 9] VGC 2024 Reg H","players":["IsabellaPasquale","Shnipe_Cizy"],"log":"|j|\u2606IsabellaPasquale\n|j|\u2606Shnipe_Cizy\n|t:|1733321450\n|gametype|doubles\n|player|p1|IsabellaPasquale|gentleman-gen1|1737\n|player|p2|Shnipe_Cizy|leaf-masters|1683\n|teamsize|p1|6\n|teamsize|p2|6\n|gen|9\n|tier|[Gen 9] VGC 2024 Reg H\n|rated|\n|rule|Species Clause: Limit one of each Pok\u00e9mon\n|rule|Item Clause: Limit 1 of each item\n|clearpoke\n|poke|p1|Electabuzz, L50, F|\n|poke|p1|Archaludon, L50, M|\n|poke|p1|Ninetales-Alola, L50, F|\n|poke|p1|Rillaboom, L50, F|\n|poke|p1|Armarouge, L50, F|\n|poke|p1|Ursaluna-Bloodmoon, L50, M|\n|poke|p2|Murkrow, L50, M|\n|poke|p2|Ursaluna, L50, F|\n|poke|p2|Ninetales-Alola, L50, F|\n|poke|p2|Espathra, L50, F|\n|poke|p2|Sneasler, L50, F|\n|poke|p2|Indeedee, L50, M|\n|teampreview|4\n|inactive|Battle timer is ON: inactive players will automatically lose when time's up. (requested by Shnipe_Cizy)\n|\n|t:|1733321515\n|start\n|switch|p1a: Electabuzz|Electabuzz, L50, F|100\/100\n|switch|p1b: Archaludon|Archaludon, L50, M|100\/100\n|switch|p2a: Ninetales|Ninetales-Alola, L50, F, shiny|100\/100\n|switch|p2b: Sneasler|Sneasler, L50, F, shiny|100\/100\n|-weather|Snow|[from] ability: Snow Warning|[of] p2a: Ninetales\n|turn|1\n|\n|t:|1733321524\n|move|p1b: Archaludon|Protect|p1b: Archaludon\n|-singleturn|p1b: Archaludon|Protect\n|move|p2a: Ninetales|Blizzard|p1a: Electabuzz|[spread] p1a\n|-activate|p1b: Archaludon|move: Protect\n|-damage|p1a: Electabuzz|70\/100\n|-damage|p2a: Ninetales|91\/100|[from] item: Life Orb\n|move|p2b: Sneasler|Close Combat|p1b: Archaludon\n|-activate|p1b: Archaludon|move: Protect\n|move|p1a: Electabuzz|Electroweb|p2a: Ninetales|[spread] p2b\n|-miss|p1a: Electabuzz|p2a: Ninetales\n|-damage|p2b: Sneasler|80\/100\n|-unboost|p2b: Sneasler|spe|1\n|\n|-weather|Snow|[upkeep]\n|upkeep\n|turn|2\n|\n|t:|1733321546\n|switch|p1b: Ninetales|Ninetales-Alola, L50, F|100\/100\n|move|p2a: Ninetales|Blizzard|p1a: Electabuzz|[spread] p1a,p1b\n|-crit|p1a: Electabuzz\n|-resisted|p1b: Ninetales\n|-damage|p1a: Electabuzz|20\/100\n|-damage|p1b: Ninetales|75\/100\n|-damage|p2a: Ninetales|82\/100|[from] item: Life Orb\n|move|p1a: Electabuzz|Electroweb|p2b: Sneasler|[spread] p2a,p2b\n|-damage|p2a: Ninetales|65\/100\n|-damage|p2b: Sneasler|60\/100\n|-unboost|p2a: Ninetales|spe|1\n|-unboost|p2b: Sneasler|spe|1\n|move|p2b: Sneasler|Close Combat|p1b: Ninetales\n|-damage|p1b: Ninetales|8\/100\n|-unboost|p2b: Sneasler|def|1\n|-unboost|p2b: Sneasler|spd|1\n|\n|-weather|Snow|[upkeep]\n|upkeep\n|turn|3\n|inactive|IsabellaPasquale has 30 seconds left.\n|inactive|IsabellaPasquale has 20 seconds left.\n|inactive|IsabellaPasquale has 15 seconds left.\n|\n|t:|1733321587\n|move|p2b: Sneasler|Protect|p2b: Sneasler\n|-singleturn|p2b: Sneasler|Protect\n|move|p1b: Ninetales|Blizzard|p2b: Sneasler|[spread] p2a\n|-activate|p2b: Sneasler|move: Protect\n|-resisted|p2a: Ninetales\n|-damage|p2a: Ninetales|45\/100\n|move|p1a: Electabuzz|Electroweb|p2b: Sneasler|[spread] p2a\n|-activate|p2b: Sneasler|move: Protect\n|-damage|p2a: Ninetales|28\/100\n|-unboost|p2a: Ninetales|spe|1\n|move|p2a: Ninetales|Blizzard|p1b: Ninetales|[spread] p1a,p1b\n|-resisted|p1b: Ninetales\n|-damage|p1a: Electabuzz|0 fnt\n|-damage|p1b: Ninetales|0 fnt\n|faint|p1a: Electabuzz\n|faint|p1b: Ninetales\n|-damage|p2a: Ninetales|19\/100|[from] item: Life Orb\n|\n|-weather|Snow|[upkeep]\n|upkeep\n|\n|t:|1733321594\n|switch|p1b: Rillaboom|Rillaboom, L50, F|100\/100\n|switch|p1a: Archaludon|Archaludon, L50, M|100\/100\n|-fieldstart|move: Grassy Terrain|[from] ability: Grassy Surge|[of] p1b: Rillaboom\n|turn|4\n|inactive|IsabellaPasquale has 30 seconds left.\n|\n|t:|1733321620\n|switch|p2b: Indeedee|Indeedee, L50, M|100\/100\n|-fieldstart|move: Psychic Terrain|[from] ability: Psychic Surge|[of] p2b: Indeedee\n|move|p1a: Archaludon|Protect|p1a: Archaludon\n|-singleturn|p1a: Archaludon|Protect\n|move|p1b: Rillaboom|High Horsepower|p2b: Indeedee\n|-damage|p2b: Indeedee|32\/100\n|move|p2a: Ninetales|Blizzard|p1b: Rillaboom|[spread] p1b\n|-activate|p1a: Archaludon|move: Protect\n|-supereffective|p1b: Rillaboom\n|-damage|p1b: Rillaboom|45\/100\n|-status|p1b: Rillaboom|frz\n|-damage|p2a: Ninetales|9\/100|[from] item: Life Orb\n|\n|-weather|Snow|[upkeep]\n|upkeep\n|turn|5\n|-message|IsabellaPasquale forfeited.\n|\n|win|Shnipe_Cizy\n|raw|IsabellaPasquale's rating: 1737 &rarr; <strong>1714<\/strong><br \/>(-23 for losing)\n|raw|Shnipe_Cizy's rating: 1683 &rarr; <strong>1706<\/strong><br \/>(+23 for winning)\n|l|\u2606IsabellaPasquale\n|player|p1|\n|l|\u2606Shnipe_Cizy\n|player|p2|\n","uploadtime":1733321631,"views":24,"formatid":"gen9vgc2024regh","rating":1706,"private":0,"password":null}