{"id":"gen9vgc2024regh-2256296676","format":"[Gen 9] VGC 2024 Reg H","players":["greenlightdmp","xxxPlayer5xxx"],"log":"|j|\u2606greenlightdmp\n|j|\u2606xxxPlayer5xxx\n|t:|1733279739\n|gametype|doubles\n|player|p1|greenlightdmp|2|1700\n|player|p2|xxxPlayer5xxx|169|1642\n|teamsize|p1|6\n|teamsize|p2|6\n|gen|9\n|tier|[Gen 9] VGC 2024 Reg H\n|rated|\n|rule|Species Clause: Limit one of each Pok\u00e9mon\n|rule|Item Clause: Limit 1 of each item\n|clearpoke\n|poke|p1|Pelipper, L50, F|\n|poke|p1|Archaludon, L50, F|\n|poke|p1|Sneasler, L50, F|\n|poke|p1|Dragonite, L50, M|\n|poke|p1|Basculegion, L50, M|\n|poke|p1|Rillaboom, L50, F|\n|poke|p2|Corviknight, L50, F|\n|poke|p2|Palafin, L50, M|\n|poke|p2|Amoonguss, L50, M|\n|poke|p2|Incineroar, L50, M|\n|poke|p2|Archaludon, L50, M|\n|poke|p2|Chandelure, L50, M|\n|teampreview|4\n|inactive|Battle timer is ON: inactive players will automatically lose when time's up. (requested by xxxPlayer5xxx)\n|inactive|greenlightdmp has 60 seconds left.\n|inactive|greenlightdmp has 30 seconds left.\n|inactive|greenlightdmp has 20 seconds left.\n|inactive|greenlightdmp has 15 seconds left.\n|inactive|greenlightdmp has 10 seconds left.\n|inactive|greenlightdmp has 5 seconds left.\n|\n|t:|1733279832\n|start\n|switch|p1a: Ceasar|Rillaboom, L50, F|100\/100\n|switch|p1b: Hephetus|Archaludon, L50, F|100\/100\n|switch|p2a: Palafin|Palafin, L50, M|100\/100\n|switch|p2b: Amoonguss|Amoonguss, L50, M|100\/100\n|-fieldstart|move: Grassy Terrain|[from] ability: Grassy Surge|[of] p1a: Ceasar\n|turn|1\n|inactive|greenlightdmp has 30 seconds left.\n|inactive|greenlightdmp has 20 seconds left.\n|\n|t:|1733279872\n|detailschange|p2a: Palafin|Palafin-Hero, L50, M\n|switch|p2a: Chandelure|Chandelure, L50, M|100\/100\n|move|p1a: Ceasar|Taunt|p2b: Amoonguss\n|-start|p2b: Amoonguss|move: Taunt\n|move|p1b: Hephetus|Flash Cannon|p2b: Amoonguss\n|-damage|p2b: Amoonguss|69\/100\n|cant|p2b: Amoonguss|move: Taunt|Spore\n|\n|-heal|p2b: Amoonguss|75\/100|[from] Grassy Terrain\n|upkeep\n|turn|2\n|j| AlabamaChristian\n|inactive|greenlightdmp has 30 seconds left.\n|\n|t:|1733279902\n|switch|p1b: Posiden|Pelipper, L50, F|100\/100\n|-weather|RainDance|[from] ability: Drizzle|[of] p1b: Posiden\n|move|p2a: Chandelure|Heat Wave|p1a: Ceasar|[spread] p1a,p1b\n|-supereffective|p1a: Ceasar\n|-crit|p1a: Ceasar\n|-resisted|p1b: Posiden\n|-damage|p1a: Ceasar|42\/100\n|-damage|p1b: Posiden|86\/100\n|move|p1a: Ceasar|Taunt|p2a: Chandelure\n|-start|p2a: Chandelure|move: Taunt\n|move|p2b: Amoonguss|Pollen Puff|p2a: Chandelure\n|-immune|p2a: Chandelure\n|\n|-weather|RainDance|[upkeep]\n|-heal|p1a: Ceasar|47\/100|[from] Grassy Terrain\n|-heal|p2b: Amoonguss|80\/100|[from] Grassy Terrain\n|upkeep\n|turn|3\n|inactive|greenlightdmp has 30 seconds left.\n|inactive|greenlightdmp has 20 seconds left.\n|\n|t:|1733279941\n|switch|p2a: Archaludon|Archaludon, L50, M|100\/100\n|-terastallize|p1a: Ceasar|Fire\n|move|p1a: Ceasar|Bullet Seed|p2a: Archaludon\n|-resisted|p2a: Archaludon\n|-damage|p2a: Archaludon|97\/100\n|-resisted|p2a: Archaludon\n|-damage|p2a: Archaludon|93\/100\n|-resisted|p2a: Archaludon\n|-damage|p2a: Archaludon|90\/100\n|-resisted|p2a: Archaludon\n|-damage|p2a: Archaludon|87\/100\n|-hitcount|p2a: Archaludon|4\n|move|p1b: Posiden|Tailwind|p1b: Posiden\n|-sidestart|p1: greenlightdmp|move: Tailwind\n|move|p2b: Amoonguss|Pollen Puff|p1a: Ceasar\n|-resisted|p1a: Ceasar\n|-damage|p1a: Ceasar|38\/100\n|\n|-weather|RainDance|[upkeep]\n|-heal|p1a: Ceasar|44\/100|[from] Grassy Terrain\n|-heal|p2a: Archaludon|93\/100|[from] Grassy Terrain\n|-heal|p2b: Amoonguss|86\/100|[from] Grassy Terrain\n|-end|p2b: Amoonguss|move: Taunt\n|upkeep\n|turn|4\n|inactive|greenlightdmp has 30 seconds left.\n|\n|t:|1733279967\n|move|p2b: Amoonguss|Rage Powder|p2b: Amoonguss\n|-singleturn|p2b: Amoonguss|move: Rage Powder\n|move|p1a: Ceasar|Taunt|p2b: Amoonguss\n|-start|p2b: Amoonguss|move: Taunt\n|move|p1b: Posiden|Hurricane|p2b: Amoonguss\n|-supereffective|p2b: Amoonguss\n|-damage|p2b: Amoonguss|29\/100\n|-start|p2b: Amoonguss|confusion\n|-enditem|p2b: Amoonguss|Sitrus Berry|[eat]\n|-heal|p2b: Amoonguss|54\/100|[from] item: Sitrus Berry\n|move|p2a: Archaludon|Electro Shot||[still]\n|-prepare|p2a: Archaludon|Electro Shot\n|-boost|p2a: Archaludon|spa|1\n|-anim|p2a: Archaludon|Electro Shot|p1b: Posiden\n|-supereffective|p1b: Posiden\n|-damage|p1b: Posiden|0 fnt\n|faint|p1b: Posiden\n|\n|-weather|RainDance|[upkeep]\n|-heal|p1a: Ceasar|50\/100|[from] Grassy Terrain\n|-heal|p2a: Archaludon|99\/100|[from] Grassy Terrain\n|-heal|p2b: Amoonguss|60\/100|[from] Grassy Terrain\n|upkeep\n|\n|t:|1733279986\n|switch|p1b: Hephetus|Archaludon, L50, F|100\/100\n|turn|5\n|inactive|xxxPlayer5xxx has 30 seconds left.\n|\n|t:|1733280019\n|switch|p2b: Chandelure|Chandelure, L50, M|100\/100\n|move|p2a: Archaludon|Protect|p2a: Archaludon\n|-singleturn|p2a: Archaludon|Protect\n|move|p1a: Ceasar|Bullet Seed|p1b: Hephetus\n|-resisted|p1b: Hephetus\n|-damage|p1b: Hephetus|98\/100\n|-ability|p1b: Hephetus|Stamina|boost\n|-boost|p1b: Hephetus|def|1\n|-resisted|p1b: Hephetus\n|-damage|p1b: Hephetus|96\/100\n|-ability|p1b: Hephetus|Stamina|boost\n|-boost|p1b: Hephetus|def|1\n|-resisted|p1b: Hephetus\n|-damage|p1b: Hephetus|95\/100\n|-ability|p1b: Hephetus|Stamina|boost\n|-boost|p1b: Hephetus|def|1\n|-resisted|p1b: Hephetus\n|-damage|p1b: Hephetus|94\/100\n|-ability|p1b: Hephetus|Stamina|boost\n|-boost|p1b: Hephetus|def|1\n|-resisted|p1b: Hephetus\n|-crit|p1b: Hephetus\n|-damage|p1b: Hephetus|90\/100\n|-ability|p1b: Hephetus|Stamina|boost\n|-boost|p1b: Hephetus|def|1\n|-hitcount|p1b: Hephetus|5\n|move|p1b: Hephetus|Body Press|p2a: Archaludon\n|-activate|p2a: Archaludon|move: Protect\n|\n|-weather|RainDance|[upkeep]\n|-heal|p1a: Ceasar|56\/100|[from] Grassy Terrain\n|-heal|p1b: Hephetus|96\/100|[from] Grassy Terrain\n|-heal|p2a: Archaludon|100\/100|[from] Grassy Terrain\n|-fieldend|move: Grassy Terrain\n|upkeep\n|turn|6\n|inactive|greenlightdmp has 30 seconds left.\n|inactive|xxxPlayer5xxx has 30 seconds left.\n|\n|t:|1733280047\n|switch|p2a: Amoonguss|Amoonguss, L50, M|93\/100\n|move|p1a: Ceasar|Taunt|p2b: Chandelure\n|-start|p2b: Chandelure|move: Taunt\n|move|p1b: Hephetus|Electro Shot||[still]\n|-prepare|p1b: Hephetus|Electro Shot\n|-boost|p1b: Hephetus|spa|1\n|-anim|p1b: Hephetus|Electro Shot|p2b: Chandelure\n|-damage|p2b: Chandelure|13\/100\n|move|p2b: Chandelure|Shadow Ball|p1b: Hephetus\n|-damage|p1b: Hephetus|53\/100\n|-ability|p1b: Hephetus|Stamina|boost\n|-boost|p1b: Hephetus|def|1\n|\n|-weather|none\n|-sideend|p1: greenlightdmp|move: Tailwind\n|upkeep\n|turn|7\n|inactive|greenlightdmp has 30 seconds left.\n|\n|t:|1733280080\n|move|p2a: Amoonguss|Rage Powder|p2a: Amoonguss\n|-singleturn|p2a: Amoonguss|move: Rage Powder\n|move|p2b: Chandelure|Shadow Ball|p1b: Hephetus\n|-damage|p1b: Hephetus|12\/100\n|move|p1a: Ceasar|Taunt|p2a: Amoonguss\n|-start|p2a: Amoonguss|move: Taunt\n|move|p1b: Hephetus|Flash Cannon|p2a: Amoonguss\n|-damage|p2a: Amoonguss|45\/100\n|\n|upkeep\n|turn|8\n|j| Wanshanmeiyangcui\n|\n|t:|1733280105\n|move|p2b: Chandelure|Shadow Ball|p1b: Hephetus\n|-damage|p1b: Hephetus|0 fnt\n|faint|p1b: Hephetus\n|move|p1a: Ceasar|Bullet Seed|p2b: Chandelure\n|-resisted|p2b: Chandelure\n|-damage|p2b: Chandelure|5\/100\n|-resisted|p2b: Chandelure\n|-damage|p2b: Chandelure|0 fnt\n|faint|p2b: Chandelure\n|-hitcount|p2: Chandelure|2\n|move|p2a: Amoonguss|Pollen Puff|p2: Chandelure|[notarget]\n|-fail|p2a: Amoonguss\n|\n|upkeep\n|\n|t:|1733280113\n|switch|p2b: Palafin|Palafin-Hero, L50, M|100\/100\n|switch|p1b: Thanotos|Basculegion, L50, M|100\/100\n|-activate|p2b: Palafin|ability: Zero to Hero\n|turn|9\n|inactive|greenlightdmp has 30 seconds left.\n|\n|t:|1733280139\n|switch|p2a: Archaludon|Archaludon, L50, M|100\/100\n|move|p1b: Thanotos|Last Respects|p2b: Palafin\n|-damage|p2b: Palafin|0 fnt\n|faint|p2b: Palafin\n|move|p1a: Ceasar|Bullet Seed|p2a: Archaludon\n|-resisted|p2a: Archaludon\n|-damage|p2a: Archaludon|98\/100\n|-resisted|p2a: Archaludon\n|-damage|p2a: Archaludon|96\/100\n|-resisted|p2a: Archaludon\n|-damage|p2a: Archaludon|93\/100\n|-resisted|p2a: Archaludon\n|-damage|p2a: Archaludon|91\/100\n|-resisted|p2a: Archaludon\n|-damage|p2a: Archaludon|89\/100\n|-hitcount|p2a: Archaludon|5\n|\n|upkeep\n|\n|t:|1733280148\n|switch|p2b: Amoonguss|Amoonguss, L50, M|79\/100\n|turn|10\n|\n|t:|1733280162\n|-terastallize|p2a: Archaludon|Electric\n|move|p2b: Amoonguss|Rage Powder|p2b: Amoonguss\n|-singleturn|p2b: Amoonguss|move: Rage Powder\n|move|p1b: Thanotos|Last Respects|p2b: Amoonguss\n|-damage|p2b: Amoonguss|0 fnt\n|faint|p2b: Amoonguss\n|move|p2a: Archaludon|Electro Shot||[still]\n|-prepare|p2a: Archaludon|Electro Shot\n|-boost|p2a: Archaludon|spa|1\n|-enditem|p2a: Archaludon|Power Herb\n|-anim|p2a: Archaludon|Electro Shot|p1b: Thanotos\n|-supereffective|p1b: Thanotos\n|-damage|p1b: Thanotos|0 fnt\n|faint|p1b: Thanotos\n|move|p1a: Ceasar|Taunt|p2a: Archaludon\n|-start|p2a: Archaludon|move: Taunt\n|\n|upkeep\n|turn|11\n|\n|t:|1733280179\n|move|p2a: Archaludon|Thunderbolt|p1a: Ceasar\n|-damage|p1a: Ceasar|0 fnt\n|faint|p1a: Ceasar\n|\n|win|xxxPlayer5xxx\n|raw|greenlightdmp's rating: 1700 &rarr; <strong>1677<\/strong><br \/>(-23 for losing)\n|raw|xxxPlayer5xxx's rating: 1642 &rarr; <strong>1665<\/strong><br \/>(+23 for winning)\n|l|\u2606xxxPlayer5xxx\n|player|p2|\n|l|\u2606greenlightdmp\n|player|p1|\n|l| AlabamaChristian\n|l| Wanshanmeiyangcui\n","uploadtime":1733280415,"views":5,"formatid":"gen9vgc2024regh","rating":1665,"private":0,"password":null}