{"id":"gen9vgc2024regh-2256871903","format":"[Gen 9] VGC 2024 Reg H","players":["everlol","greenlightdmp"],"log":"|j|\u2606everlol\n|j|\u2606greenlightdmp\n|t:|1733353216\n|gametype|doubles\n|player|p1|everlol|265|1646\n|player|p2|greenlightdmp|170|1727\n|teamsize|p1|6\n|teamsize|p2|6\n|gen|9\n|tier|[Gen 9] VGC 2024 Reg H\n|rated|\n|rule|Species Clause: Limit one of each Pok\u00e9mon\n|rule|Item Clause: Limit 1 of each item\n|clearpoke\n|poke|p1|Glimmora, L50, M|\n|poke|p1|Garchomp, L50, F|\n|poke|p1|Sneasler, L50, F|\n|poke|p1|Indeedee, L50, M|\n|poke|p1|Whimsicott, L50, M|\n|poke|p1|Armarouge, L50, M|\n|poke|p2|Pelipper, L50, F|\n|poke|p2|Archaludon, L50, F|\n|poke|p2|Sneasler, L50, F|\n|poke|p2|Dragonite, L50, M|\n|poke|p2|Basculegion, L50, M|\n|poke|p2|Rillaboom, L50, F|\n|teampreview|4\n|inactive|Battle timer is ON: inactive players will automatically lose when time's up. (requested by everlol)\n|\n|t:|1733353246\n|start\n|switch|p1a: Whimsicott|Whimsicott, L50, M|100\/100\n|switch|p1b: Glimmora|Glimmora, L50, M|100\/100\n|switch|p2a: Posiden|Pelipper, L50, F|100\/100\n|switch|p2b: Hermes|Sneasler, L50, F|100\/100\n|-weather|RainDance|[from] ability: Drizzle|[of] p2a: Posiden\n|turn|1\n|\n|t:|1733353262\n|switch|p1b: Indeedee|Indeedee, L50, M|100\/100\n|-fieldstart|move: Psychic Terrain|[from] ability: Psychic Surge|[of] p1b: Indeedee\n|move|p1a: Whimsicott|Tailwind|p1a: Whimsicott\n|-sidestart|p1: everlol|move: Tailwind\n|move|p2b: Hermes|Dire Claw|p1a: Whimsicott\n|-supereffective|p1a: Whimsicott\n|-enditem|p1a: Whimsicott|Focus Sash\n|-damage|p1a: Whimsicott|1\/100\n|-status|p1a: Whimsicott|slp\n|move|p2a: Posiden|Tailwind|p2a: Posiden\n|-sidestart|p2: greenlightdmp|move: Tailwind\n|\n|-weather|RainDance|[upkeep]\n|upkeep\n|turn|2\n|inactive|greenlightdmp has 30 seconds left.\n|inactive|greenlightdmp has 20 seconds left.\n|inactive|everlol has 30 seconds left.\n|inactive|greenlightdmp has 15 seconds left.\n|\n|t:|1733353307\n|switch|p1b: Garchomp|Garchomp, L50, F|100\/100\n|switch|p2a: Ceasar|Rillaboom, L50, F|100\/100\n|-fieldstart|move: Grassy Terrain|[from] ability: Grassy Surge|[of] p2a: Ceasar\n|-enditem|p2b: Hermes|Grassy Seed\n|-boost|p2b: Hermes|def|1|[from] item: Grassy Seed\n|-terastallize|p2b: Hermes|Dark\n|cant|p1a: Whimsicott|slp\n|move|p2b: Hermes|Throat Chop|p1b: Garchomp\n|-damage|p1b: Garchomp|60\/100\n|-start|p1b: Garchomp|Throat Chop|[silent]\n|-damage|p2b: Hermes|88\/100|[from] ability: Rough Skin|[of] p1b: Garchomp\n|\n|-weather|RainDance|[upkeep]\n|-heal|p2b: Hermes|94\/100|[from] Grassy Terrain\n|-heal|p1a: Whimsicott|7\/100 slp|[from] Grassy Terrain\n|-heal|p1b: Garchomp|66\/100|[from] Grassy Terrain\n|upkeep\n|turn|3\n|inactive|everlol has 30 seconds left.\n|inactive|everlol has 20 seconds left.\n|inactive|everlol has 15 seconds left.\n|\n|t:|1733353348\n|switch|p1a: Glimmora|Glimmora, L50, M|100\/100\n|move|p1b: Garchomp|Protect|p1b: Garchomp\n|-singleturn|p1b: Garchomp|Protect\n|move|p2b: Hermes|Throat Chop|p1a: Glimmora\n|-damage|p1a: Glimmora|53\/100\n|-start|p1a: Glimmora|Throat Chop|[silent]\n|-activate|p1a: Glimmora|ability: Toxic Debris\n|-sidestart|p2: greenlightdmp|move: Toxic Spikes\n|move|p2a: Ceasar|Bullet Seed|p1b: Garchomp\n|-activate|p1b: Garchomp|move: Protect\n|\n|-weather|RainDance|[upkeep]\n|-heal|p2b: Hermes|99\/100|[from] Grassy Terrain\n|-heal|p1b: Garchomp|72\/100|[from] Grassy Terrain\n|-heal|p1a: Glimmora|59\/100|[from] Grassy Terrain\n|-end|p1b: Garchomp|Throat Chop|[silent]\n|upkeep\n|turn|4\n|inactive|greenlightdmp has 30 seconds left.\n|\n|t:|1733353375\n|move|p1a: Glimmora|Spiky Shield|p1a: Glimmora\n|-singleturn|p1a: Glimmora|move: Protect\n|move|p2a: Ceasar|Grassy Glide|p1a: Glimmora\n|-activate|p1a: Glimmora|move: Protect\n|-damage|p2a: Ceasar|88\/100|[from] Spiky Shield|[of] p1a: Glimmora\n|move|p2b: Hermes|Throat Chop|p1a: Glimmora\n|-activate|p1a: Glimmora|move: Protect\n|-damage|p2b: Hermes|88\/100|[from] Spiky Shield|[of] p1a: Glimmora\n|move|p1b: Garchomp|Earthquake|p2a: Ceasar|[spread] p2a,p2b\n|-activate|p1a: Glimmora|move: Protect\n|-resisted|p2a: Ceasar\n|-damage|p2a: Ceasar|79\/100\n|-damage|p2b: Hermes|61\/100\n|\n|-weather|RainDance|[upkeep]\n|-heal|p2b: Hermes|67\/100|[from] Grassy Terrain\n|-heal|p1b: Garchomp|78\/100|[from] Grassy Terrain\n|-heal|p1a: Glimmora|64\/100|[from] Grassy Terrain\n|-heal|p2a: Ceasar|85\/100|[from] Grassy Terrain\n|-end|p1a: Glimmora|Throat Chop|[silent]\n|-sideend|p1: everlol|move: Tailwind\n|-sideend|p2: greenlightdmp|move: Tailwind\n|upkeep\n|turn|5\n|\n|t:|1733353399\n|switch|p1b: Indeedee|Indeedee, L50, M|100\/100\n|-fieldstart|move: Psychic Terrain|[from] ability: Psychic Surge|[of] p1b: Indeedee\n|move|p2b: Hermes|Protect|p2b: Hermes\n|-singleturn|p2b: Hermes|Protect\n|move|p1a: Glimmora|Meteor Beam||[still]\n|-prepare|p1a: Glimmora|Meteor Beam\n|-boost|p1a: Glimmora|spa|1\n|-enditem|p1a: Glimmora|Power Herb\n|-anim|p1a: Glimmora|Meteor Beam|p2a: Ceasar\n|-crit|p2a: Ceasar\n|-damage|p2a: Ceasar|0 fnt\n|faint|p2a: Ceasar\n|\n|-weather|none\n|upkeep\n|\n|t:|1733353412\n|switch|p2a: Thanotos|Basculegion, L50, M|100\/100\n|-status|p2a: Thanotos|psn\n|turn|6\n|\n|t:|1733353427\n|-terastallize|p1b: Indeedee|Fairy\n|move|p1a: Glimmora|Spiky Shield|p1a: Glimmora\n|-singleturn|p1a: Glimmora|move: Protect\n|move|p2b: Hermes|Throat Chop|p1b: Indeedee\n|-resisted|p1b: Indeedee\n|-damage|p1b: Indeedee|67\/100\n|-start|p1b: Indeedee|Throat Chop|[silent]\n|move|p2a: Thanotos|Flip Turn|p1a: Glimmora\n|-activate|p1a: Glimmora|move: Protect\n|-damage|p2a: Thanotos|88\/100 psn|[from] Spiky Shield|[of] p1a: Glimmora\n|move|p1b: Indeedee|Dazzling Gleam|p2a: Thanotos|[spread] p2a,p2b\n|-supereffective|p2b: Hermes\n|-damage|p2a: Thanotos|59\/100 psn\n|-damage|p2b: Hermes|0 fnt\n|faint|p2b: Hermes\n|\n|-damage|p2a: Thanotos|47\/100 psn|[from] psn\n|upkeep\n|\n|t:|1733353435\n|switch|p2b: Posiden|Pelipper, L50, F|100\/100\n|-weather|RainDance|[from] ability: Drizzle|[of] p2b: Posiden\n|turn|7\n|-message|greenlightdmp forfeited.\n|\n|win|everlol\n|raw|everlol's rating: 1646 &rarr; <strong>1671<\/strong><br \/>(+25 for winning)\n|raw|greenlightdmp's rating: 1727 &rarr; <strong>1702<\/strong><br \/>(-25 for losing)\n|l|\u2606greenlightdmp\n|player|p2|\n|l|\u2606everlol\n|player|p1|\n","uploadtime":1733353671,"views":5,"formatid":"gen9vgc2024regh","rating":1671,"private":0,"password":null}