{"id":"gen9vgc2024regh-2256655056","format":"[Gen 9] VGC 2024 Reg H","players":["pantsuit","IsabellaPasquale"],"log":"|j|\u2606pantsuit\n|j|\u2606IsabellaPasquale\n|t:|1733331523\n|gametype|doubles\n|player|p1|pantsuit|102|1716\n|player|p2|IsabellaPasquale|gentleman-gen1|1740\n|teamsize|p1|6\n|teamsize|p2|6\n|gen|9\n|tier|[Gen 9] VGC 2024 Reg H\n|rated|\n|rule|Species Clause: Limit one of each Pok\u00e9mon\n|rule|Item Clause: Limit 1 of each item\n|clearpoke\n|poke|p1|Whimsicott, L50, M|\n|poke|p1|Archaludon, L50, M|\n|poke|p1|Indeedee, L50, M|\n|poke|p1|Annihilape, L50, F|\n|poke|p1|Kilowattrel, L50, F|\n|poke|p1|Ursaluna-Bloodmoon, L50, M|\n|poke|p2|Electabuzz, L50, M|\n|poke|p2|Archaludon, L50, M|\n|poke|p2|Ninetales-Alola, L50, F|\n|poke|p2|Rillaboom, L50, M|\n|poke|p2|Armarouge, L50, F|\n|poke|p2|Ursaluna-Bloodmoon, L50, M|\n|teampreview|4\n|inactive|Battle timer is ON: inactive players will automatically lose when time's up. (requested by pantsuit)\n|j| kyo9t\n|\n|t:|1733331598\n|start\n|switch|p1a: Whimsicott|Whimsicott, L50, M|100\/100\n|switch|p1b: Archaludon|Archaludon, L50, M|100\/100\n|switch|p2a: Ursaluna|Ursaluna-Bloodmoon, L50, M|100\/100\n|switch|p2b: Electabuzz|Electabuzz, L50, M|100\/100\n|turn|1\n|inactive|pantsuit has 30 seconds left.\n|inactive|IsabellaPasquale has 30 seconds left.\n|\n|t:|1733331643\n|switch|p1b: Ursaluna|Ursaluna-Bloodmoon, L50, M|100\/100\n|move|p2b: Electabuzz|Follow Me|p2b: Electabuzz\n|-singleturn|p2b: Electabuzz|move: Follow Me\n|move|p1a: Whimsicott|Tailwind|p1a: Whimsicott\n|-sidestart|p1: pantsuit|move: Tailwind\n|move|p2a: Ursaluna|Earth Power|p1b: Ursaluna\n|-damage|p1b: Ursaluna|20\/100\n|-damage|p2a: Ursaluna|91\/100|[from] item: Life Orb\n|\n|upkeep\n|turn|2\n|\n|t:|1733331660\n|move|p2b: Electabuzz|Protect|p2b: Electabuzz\n|-singleturn|p2b: Electabuzz|Protect\n|move|p2a: Ursaluna|Protect|p2a: Ursaluna\n|-singleturn|p2a: Ursaluna|Protect\n|move|p1a: Whimsicott|Endeavor|p2b: Electabuzz\n|-activate|p2b: Electabuzz|move: Protect\n|move|p1b: Ursaluna|Hyper Voice|p2b: Electabuzz|[spread] \n|-activate|p2a: Ursaluna|move: Protect\n|-activate|p2b: Electabuzz|move: Protect\n|\n|upkeep\n|turn|3\n|inactive|IsabellaPasquale has 30 seconds left.\n|\n|t:|1733331688\n|switch|p1a: Archaludon|Archaludon, L50, M|100\/100\n|move|p2b: Electabuzz|Follow Me|p2b: Electabuzz\n|-singleturn|p2b: Electabuzz|move: Follow Me\n|move|p1b: Ursaluna|Hyper Voice|p2a: Ursaluna|[spread] p2a,p2b\n|-damage|p2a: Ursaluna|29\/100\n|-damage|p2b: Electabuzz|62\/100\n|-damage|p1b: Ursaluna|11\/100|[from] item: Life Orb\n|move|p2a: Ursaluna|Hyper Voice|p1b: Ursaluna|[spread] p1a,p1b\n|-resisted|p1a: Archaludon\n|-damage|p1a: Archaludon|74\/100\n|-damage|p1b: Ursaluna|0 fnt\n|-ability|p1a: Archaludon|Stamina|boost\n|-boost|p1a: Archaludon|def|1\n|faint|p1b: Ursaluna\n|-damage|p2a: Ursaluna|19\/100|[from] item: Life Orb\n|\n|upkeep\n|inactive|pantsuit has 30 seconds left.\n|\n|t:|1733331717\n|switch|p1b: Indeedee|Indeedee, L50, M|100\/100\n|-fieldstart|move: Psychic Terrain|[from] ability: Psychic Surge|[of] p1b: Indeedee\n|turn|4\n|inactive|IsabellaPasquale has 30 seconds left.\n|\n|t:|1733331751\n|switch|p2b: Rillaboom|Rillaboom, L50, M|100\/100\n|-fieldstart|move: Grassy Terrain|[from] ability: Grassy Surge|[of] p2b: Rillaboom\n|switch|p2a: Armarouge|Armarouge, L50, F|100\/100\n|move|p1b: Indeedee|Expanding Force|p2b: Rillaboom\n|-damage|p2b: Rillaboom|75\/100\n|move|p1a: Archaludon|Body Press|p2a: Armarouge\n|-resisted|p2a: Armarouge\n|-damage|p2a: Armarouge|85\/100\n|\n|-heal|p1a: Archaludon|80\/100|[from] Grassy Terrain\n|-heal|p2b: Rillaboom|81\/100|[from] Grassy Terrain\n|-heal|p2a: Armarouge|91\/100|[from] Grassy Terrain\n|-sideend|p1: pantsuit|move: Tailwind\n|upkeep\n|turn|5\n|inactive|pantsuit has 30 seconds left.\n|inactive|IsabellaPasquale has 30 seconds left.\n|\n|t:|1733331784\n|switch|p1b: Whimsicott|Whimsicott, L50, M|100\/100\n|move|p1a: Archaludon|Electro Shot||[still]\n|-prepare|p1a: Archaludon|Electro Shot\n|-boost|p1a: Archaludon|spa|1\n|-enditem|p1a: Archaludon|Power Herb\n|-anim|p1a: Archaludon|Electro Shot|p2a: Armarouge\n|-damage|p2a: Armarouge|18\/100\n|-enditem|p2a: Armarouge|Sitrus Berry|[eat]\n|-heal|p2a: Armarouge|43\/100|[from] item: Sitrus Berry\n|move|p2b: Rillaboom|Wood Hammer|p1b: Whimsicott\n|-resisted|p1b: Whimsicott\n|-damage|p1b: Whimsicott|32\/100\n|-damage|p2b: Rillaboom|67\/100|[from] Recoil\n|move|p2a: Armarouge|Trick Room|p2a: Armarouge\n|-fieldstart|move: Trick Room|[of] p2a: Armarouge\n|\n|-heal|p2a: Armarouge|49\/100|[from] Grassy Terrain\n|-heal|p2b: Rillaboom|73\/100|[from] Grassy Terrain\n|-heal|p1a: Archaludon|86\/100|[from] Grassy Terrain\n|-heal|p1b: Whimsicott|38\/100|[from] Grassy Terrain\n|upkeep\n|turn|6\n|inactive|pantsuit has 30 seconds left.\n|\n|t:|1733331816\n|switch|p2a: Electabuzz|Electabuzz, L50, M|62\/100\n|move|p1b: Whimsicott|Encore||[still]\n|-fail|p1b: Whimsicott\n|move|p2b: Rillaboom|Wood Hammer|p1b: Whimsicott\n|-resisted|p1b: Whimsicott\n|-damage|p1b: Whimsicott|0 fnt\n|faint|p1b: Whimsicott\n|-damage|p2b: Rillaboom|65\/100|[from] Recoil\n|move|p1a: Archaludon|Body Press|p2b: Rillaboom\n|-damage|p2b: Rillaboom|31\/100\n|\n|-heal|p2b: Rillaboom|38\/100|[from] Grassy Terrain\n|-heal|p1a: Archaludon|92\/100|[from] Grassy Terrain\n|-heal|p2a: Electabuzz|68\/100|[from] Grassy Terrain\n|upkeep\n|\n|t:|1733331831\n|switch|p1b: Indeedee|Indeedee, L50, M|100\/100\n|-fieldstart|move: Psychic Terrain|[from] ability: Psychic Surge|[of] p1b: Indeedee\n|turn|7\n|inactive|IsabellaPasquale has 30 seconds left.\n|inactive|IsabellaPasquale has 20 seconds left.\n|inactive|IsabellaPasquale has 15 seconds left.\n|\n|t:|1733331872\n|move|p2b: Rillaboom|Wood Hammer|p1b: Indeedee\n|-enditem|p1b: Indeedee|Focus Sash\n|-damage|p1b: Indeedee|1\/100\n|-damage|p2b: Rillaboom|15\/100|[from] Recoil\n|move|p1a: Archaludon|Draco Meteor|p2a: Electabuzz\n|-damage|p2a: Electabuzz|0 fnt\n|-unboost|p1a: Archaludon|spa|2\n|faint|p2a: Electabuzz\n|move|p1b: Indeedee|Trick Room|p1b: Indeedee\n|-fieldend|move: Trick Room\n|\n|upkeep\n|inactive|IsabellaPasquale has 30 seconds left.\n|\n|t:|1733331906\n|switch|p2a: Armarouge|Armarouge, L50, F|49\/100\n|turn|8\n|\n|t:|1733331918\n|move|p1b: Indeedee|Expanding Force|p2b: Rillaboom|[spread] p2a,p2b\n|-resisted|p2a: Armarouge\n|-damage|p2a: Armarouge|19\/100\n|-damage|p2b: Rillaboom|0 fnt\n|faint|p2b: Rillaboom\n|move|p1a: Archaludon|Body Press|p2a: Armarouge\n|-resisted|p2a: Armarouge\n|-damage|p2a: Armarouge|3\/100\n|move|p2a: Armarouge|Trick Room|p2a: Armarouge\n|-fieldstart|move: Trick Room|[of] p2a: Armarouge\n|\n|upkeep\n|\n|t:|1733331925\n|switch|p2b: Ursaluna|Ursaluna-Bloodmoon, L50, M|19\/100\n|turn|9\n|c|\u2606IsabellaPasquale|gg\n|c|\u2606pantsuit|wow thought that would kill\n|c|\u2606pantsuit|oops\n|\n|t:|1733331942\n|move|p2a: Armarouge|Expanding Force|p1b: Indeedee|[spread] p1a,p1b\n|-resisted|p1a: Archaludon\n|-crit|p1a: Archaludon\n|-resisted|p1b: Indeedee\n|-damage|p1a: Archaludon|37\/100\n|-damage|p1b: Indeedee|0 fnt\n|-ability|p1a: Archaludon|Stamina|boost\n|-boost|p1a: Archaludon|def|1\n|faint|p1b: Indeedee\n|move|p2b: Ursaluna|Earth Power|p1a: Archaludon\n|-supereffective|p1a: Archaludon\n|-damage|p1a: Archaludon|0 fnt\n|faint|p1a: Archaludon\n|-damage|p2b: Ursaluna|9\/100|[from] item: Life Orb\n|\n|win|IsabellaPasquale\n|raw|pantsuit's rating: 1716 &rarr; <strong>1697<\/strong><br \/>(-19 for losing)\n|raw|IsabellaPasquale's rating: 1740 &rarr; <strong>1759<\/strong><br \/>(+19 for winning)\n|c|\u2606IsabellaPasquale|happens\n|c|\u2606pantsuit|gg\n","uploadtime":1733331958,"views":7,"formatid":"gen9vgc2024regh","rating":1697,"private":0,"password":null}