{"id":"gen9vgc2024regh-2256810142","format":"[Gen 9] VGC 2024 Reg H","players":["pokequimico","elektriktoad"],"log":"|j|\u2606pokequimico\n|j|\u2606elektriktoad\n|t:|1733346503\n|gametype|doubles\n|player|p1|pokequimico|lucas|1731\n|player|p2|elektriktoad|janine|1648\n|teamsize|p1|6\n|teamsize|p2|6\n|gen|9\n|tier|[Gen 9] VGC 2024 Reg H\n|rated|\n|rule|Species Clause: Limit one of each Pok\u00e9mon\n|rule|Item Clause: Limit 1 of each item\n|clearpoke\n|poke|p1|Sneasler, L50, M|\n|poke|p1|Kingambit, L50, F|\n|poke|p1|Dragonite, L50, F|\n|poke|p1|Basculegion, L50, M|\n|poke|p1|Rillaboom, L50, F|\n|poke|p1|Volcarona, L50, F|\n|poke|p2|Poliwrath, L50, M|\n|poke|p2|Pelipper, L50, F|\n|poke|p2|Indeedee-F, L50, F|\n|poke|p2|Sinistcha, L50|\n|poke|p2|Braviary-Hisui, L50, M|\n|poke|p2|Annihilape, L50, M|\n|teampreview|4\n|\n|t:|1733346555\n|start\n|switch|p1a: Dragonite|Dragonite, L50, F|100\/100\n|switch|p1b: Basculegion|Basculegion, L50, M|100\/100\n|switch|p2a: Poliwrath|Poliwrath, L50, M|100\/100\n|switch|p2b: Indeedee|Indeedee-F, L50, F|100\/100\n|-fieldstart|move: Psychic Terrain|[from] ability: Psychic Surge|[of] p2b: Indeedee\n|turn|1\n|inactive|Battle timer is ON: inactive players will automatically lose when time's up. (requested by pokequimico)\n|\n|t:|1733346573\n|-terastallize|p2a: Poliwrath|Fire\n|move|p1b: Basculegion|Flip Turn|p2b: Indeedee\n|-damage|p2b: Indeedee|55\/100\n|\n|t:|1733346592\n|switch|p1b: Kingambit|Kingambit, L50, F|100\/100|[from] Flip Turn\n|move|p1a: Dragonite|Scale Shot|p2b: Indeedee\n|-damage|p2b: Indeedee|39\/100\n|-damage|p2b: Indeedee|24\/100\n|-damage|p2b: Indeedee|8\/100\n|-crit|p2b: Indeedee\n|-damage|p2b: Indeedee|0 fnt\n|faint|p2b: Indeedee\n|-hitcount|p2: Indeedee|4\n|-unboost|p1a: Dragonite|def|1\n|-boost|p1a: Dragonite|spe|1\n|move|p2a: Poliwrath|Belly Drum|p2a: Poliwrath\n|-damage|p2a: Poliwrath|50\/100\n|-setboost|p2a: Poliwrath|atk|6|[from] move: Belly Drum\n|-enditem|p2a: Poliwrath|Sitrus Berry|[eat]\n|-heal|p2a: Poliwrath|75\/100|[from] item: Sitrus Berry\n|\n|upkeep\n|\n|t:|1733346617\n|switch|p2b: Sinistcha|Sinistcha, L50|100\/100\n|-heal|p2a: Poliwrath|100\/100|[from] ability: Hospitality|[of] p2b: Sinistcha\n|turn|2\n|\n|t:|1733346626\n|move|p1b: Kingambit|Protect|p1b: Kingambit\n|-singleturn|p1b: Kingambit|Protect\n|move|p1a: Dragonite|Haze|p1a: Dragonite\n|-clearallboost\n|move|p2a: Poliwrath|Liquidation|p1a: Dragonite\n|-resisted|p1a: Dragonite\n|-crit|p1a: Dragonite\n|-damage|p1a: Dragonite|84\/100\n|move|p2b: Sinistcha|Trick Room|p2b: Sinistcha\n|-fieldstart|move: Trick Room|[of] p2b: Sinistcha\n|\n|upkeep\n|turn|3\n|\n|t:|1733346649\n|switch|p1a: Rillaboom|Rillaboom, L50, F|100\/100\n|-fieldstart|move: Grassy Terrain|[from] ability: Grassy Surge|[of] p1a: Rillaboom\n|-terastallize|p1b: Kingambit|Dark\n|move|p2a: Poliwrath|Belly Drum|p2a: Poliwrath\n|-damage|p2a: Poliwrath|50\/100\n|-setboost|p2a: Poliwrath|atk|6|[from] move: Belly Drum\n|move|p2b: Sinistcha|Matcha Gotcha|p1a: Rillaboom|[spread] p1a,p1b\n|-resisted|p1a: Rillaboom\n|-damage|p1a: Rillaboom|87\/100\n|-damage|p1b: Kingambit|62\/100\n|-status|p1a: Rillaboom|brn\n|-status|p1b: Kingambit|brn\n|move|p1b: Kingambit|Kowtow Cleave|p2a: Poliwrath\n|-damage|p2a: Poliwrath|18\/100\n|\n|-heal|p2a: Poliwrath|24\/100|[from] Grassy Terrain\n|-heal|p1b: Kingambit|68\/100 brn|[from] Grassy Terrain\n|-heal|p1a: Rillaboom|93\/100 brn|[from] Grassy Terrain\n|-damage|p1b: Kingambit|62\/100 brn|[from] brn\n|-damage|p1a: Rillaboom|87\/100 brn|[from] brn\n|upkeep\n|turn|4\n|inactive|pokequimico has 30 seconds left.\n|inactive|pokequimico has 20 seconds left.\n|inactive|pokequimico has 15 seconds left.\n|inactive|pokequimico has 10 seconds left.\n|inactive|pokequimico has 5 seconds left.\n|j| AlabamaChristian\n|\n|t:|1733346704\n|move|p1b: Kingambit|Protect|p1b: Kingambit\n|-singleturn|p1b: Kingambit|Protect\n|move|p1a: Rillaboom|Fake Out|p2b: Sinistcha\n|-immune|p2b: Sinistcha\n|move|p2b: Sinistcha|Rage Powder|p2b: Sinistcha\n|-singleturn|p2b: Sinistcha|move: Rage Powder\n|move|p2a: Poliwrath|Drain Punch|p1a: Rillaboom\n|-damage|p1a: Rillaboom|0 fnt\n|-heal|p2a: Poliwrath|68\/100|[from] drain|[of] p1a: Rillaboom\n|faint|p1a: Rillaboom\n|\n|-heal|p2a: Poliwrath|74\/100|[from] Grassy Terrain\n|-heal|p1b: Kingambit|68\/100 brn|[from] Grassy Terrain\n|-damage|p1b: Kingambit|62\/100 brn|[from] brn\n|upkeep\n|\n|t:|1733346712\n|switch|p1a: Dragonite|Dragonite, L50, F|84\/100\n|turn|5\n|l| AlabamaChristian\n|\n|t:|1733346726\n|move|p2a: Poliwrath|Liquidation|p1a: Dragonite\n|-resisted|p1a: Dragonite\n|-damage|p1a: Dragonite|6\/100\n|move|p2b: Sinistcha|Shadow Ball|p1a: Dragonite\n|-damage|p1a: Dragonite|0 fnt\n|faint|p1a: Dragonite\n|move|p1b: Kingambit|Swords Dance|p1b: Kingambit\n|-boost|p1b: Kingambit|atk|2\n|\n|-heal|p2a: Poliwrath|80\/100|[from] Grassy Terrain\n|-heal|p1b: Kingambit|68\/100 brn|[from] Grassy Terrain\n|-damage|p1b: Kingambit|62\/100 brn|[from] brn\n|upkeep\n|\n|t:|1733346737\n|switch|p1a: Basculegion|Basculegion, L50, M|100\/100\n|turn|6\n|\n|t:|1733346751\n|move|p2b: Sinistcha|Rage Powder|p2b: Sinistcha\n|-singleturn|p2b: Sinistcha|move: Rage Powder\n|move|p2a: Poliwrath|Liquidation|p1a: Basculegion\n|-resisted|p1a: Basculegion\n|-damage|p1a: Basculegion|0 fnt\n|faint|p1a: Basculegion\n|move|p1b: Kingambit|Kowtow Cleave|p2a: Poliwrath\n|-damage|p2a: Poliwrath|15\/100\n|\n|-heal|p2a: Poliwrath|21\/100|[from] Grassy Terrain\n|-heal|p1b: Kingambit|68\/100 brn|[from] Grassy Terrain\n|-damage|p1b: Kingambit|62\/100 brn|[from] brn\n|-fieldend|move: Trick Room\n|upkeep\n|turn|7\n|\n|t:|1733346774\n|move|p2a: Poliwrath|Protect|p2a: Poliwrath\n|-singleturn|p2a: Poliwrath|Protect\n|move|p1b: Kingambit|Kowtow Cleave|p2a: Poliwrath\n|-activate|p2a: Poliwrath|move: Protect\n|move|p2b: Sinistcha|Matcha Gotcha|p1b: Kingambit\n|-damage|p1b: Kingambit|17\/100 brn\n|\n|-heal|p1b: Kingambit|23\/100 brn|[from] Grassy Terrain\n|-heal|p2a: Poliwrath|27\/100|[from] Grassy Terrain\n|-damage|p1b: Kingambit|17\/100 brn|[from] brn\n|-fieldend|move: Grassy Terrain\n|upkeep\n|turn|8\n|-message|pokequimico forfeited.\n|\n|win|elektriktoad\n|raw|pokequimico's rating: 1731 &rarr; <strong>1706<\/strong><br \/>(-25 for losing)\n|raw|elektriktoad's rating: 1648 &rarr; <strong>1673<\/strong><br \/>(+25 for winning)\n|l|\u2606pokequimico\n|player|p1|\n|l|\u2606elektriktoad\n|player|p2|\n","uploadtime":1733346788,"views":9,"formatid":"gen9vgc2024regh","rating":1673,"private":0,"password":null}