{"id":"gen9vgc2024regh-2256964477","format":"[Gen 9] VGC 2024 Reg H","players":["futonkagebunshin","RagingPro"],"log":"|j|\u2606futonkagebunshin\n|j|\u2606RagingPro\n|t:|1733364653\n|gametype|doubles\n|player|p1|futonkagebunshin|policeman-gen4|1650\n|player|p2|RagingPro|dragontamer|1728\n|teamsize|p1|6\n|teamsize|p2|6\n|gen|9\n|tier|[Gen 9] VGC 2024 Reg H\n|rated|\n|rule|Species Clause: Limit one of each Pok\u00e9mon\n|rule|Item Clause: Limit 1 of each item\n|clearpoke\n|poke|p1|Sinistcha, L50|\n|poke|p1|Incineroar, L50, F|\n|poke|p1|Araquanid, L50, F|\n|poke|p1|Electabuzz, L50, M|\n|poke|p1|Sylveon, L50, M|\n|poke|p1|Kommo-o, L50, M|\n|poke|p2|Ninetales-Alola, L50, F|\n|poke|p2|Ursaluna-Bloodmoon, L50, M|\n|poke|p2|Dragonite, L50, F|\n|poke|p2|Gholdengo, L50|\n|poke|p2|Incineroar, L50, F|\n|poke|p2|Amoonguss, L50, F|\n|teampreview|4\n|inactive|Battle timer is ON: inactive players will automatically lose when time's up. (requested by RagingPro)\n|inactive|futonkagebunshin has 60 seconds left.\n|inactive|RagingPro has 60 seconds left.\n|inactive|RagingPro has 30 seconds left.\n|\n|t:|1733364715\n|start\n|switch|p1a: Incineroar|Incineroar, L50, F|100\/100\n|switch|p1b: Araquanid|Araquanid, L50, F|100\/100\n|switch|p2a: Ninetales|Ninetales-Alola, L50, F|100\/100\n|switch|p2b: Ursaluna|Ursaluna-Bloodmoon, L50, M|100\/100\n|-weather|Snow|[from] ability: Snow Warning|[of] p2a: Ninetales\n|-ability|p1a: Incineroar|Intimidate|boost\n|-unboost|p2a: Ninetales|atk|1\n|-unboost|p2b: Ursaluna|atk|1\n|turn|1\n|\n|t:|1733364739\n|switch|p2a: Amoonguss|Amoonguss, L50, F, shiny|100\/100\n|-terastallize|p2b: Ursaluna|Bug\n|move|p1a: Incineroar|Fake Out|p2b: Ursaluna\n|-damage|p2b: Ursaluna|93\/100\n|cant|p2b: Ursaluna|flinch\n|move|p1b: Araquanid|Liquidation|p2b: Ursaluna\n|-damage|p2b: Ursaluna|45\/100\n|-unboost|p2b: Ursaluna|def|1\n|\n|-weather|Snow|[upkeep]\n|upkeep\n|turn|2\n|\n|t:|1733364760\n|switch|p2b: Ninetales|Ninetales-Alola, L50, F|100\/100\n|move|p1a: Incineroar|Flare Blitz|p2b: Ninetales\n|-supereffective|p2b: Ninetales\n|-damage|p2b: Ninetales|7\/100\n|-damage|p1a: Incineroar|76\/100|[from] Recoil\n|move|p1b: Araquanid|Substitute|p1b: Araquanid\n|-start|p1b: Araquanid|Substitute\n|-damage|p1b: Araquanid|76\/100\n|move|p2a: Amoonguss|Spore||[still]\n|-fail|p2a: Amoonguss\n|\n|-weather|Snow|[upkeep]\n|upkeep\n|turn|3\n|inactive|futonkagebunshin has 30 seconds left.\n|inactive|futonkagebunshin has 20 seconds left.\n|inactive|futonkagebunshin has 15 seconds left.\n|inactive|futonkagebunshin has 10 seconds left.\n|\n|t:|1733364810\n|move|p2a: Amoonguss|Protect|p2a: Amoonguss\n|-singleturn|p2a: Amoonguss|Protect\n|move|p2b: Ninetales|Aurora Veil|p2b: Ninetales\n|-sidestart|p2: RagingPro|move: Aurora Veil\n|move|p1a: Incineroar|Knock Off|p2a: Amoonguss\n|-activate|p2a: Amoonguss|move: Protect\n|move|p1b: Araquanid|Liquidation|p2b: Ninetales\n|-damage|p2b: Ninetales|0 fnt\n|faint|p2b: Ninetales\n|\n|-weather|Snow|[upkeep]\n|upkeep\n|\n|t:|1733364818\n|switch|p2b: Incineroar|Incineroar, L50, F|100\/100\n|-ability|p2b: Incineroar|Intimidate|boost\n|-unboost|p1a: Incineroar|atk|1\n|-immune|p1b: Araquanid\n|turn|4\n|\n|t:|1733364828\n|move|p2b: Incineroar|Knock Off|p1b: Araquanid\n|-end|p1b: Araquanid|Substitute\n|move|p1a: Incineroar|Knock Off|p2a: Amoonguss\n|-damage|p2a: Amoonguss|86\/100\n|-enditem|p2a: Amoonguss|Covert Cloak|[from] move: Knock Off|[of] p1a: Incineroar\n|move|p1b: Araquanid|Liquidation|p2b: Incineroar\n|-supereffective|p2b: Incineroar\n|-damage|p2b: Incineroar|14\/100\n|-unboost|p2b: Incineroar|def|1\n|move|p2a: Amoonguss|Spore|p1a: Incineroar\n|-status|p1a: Incineroar|slp|[from] move: Spore\n|\n|-weather|Snow|[upkeep]\n|upkeep\n|turn|5\n|\n|t:|1733364851\n|switch|p1b: Electabuzz|Electabuzz, L50, M|100\/100\n|move|p2b: Incineroar|Knock Off|p1b: Electabuzz\n|-damage|p1b: Electabuzz|66\/100\n|-enditem|p1b: Electabuzz|Eviolite|[from] move: Knock Off|[of] p2b: Incineroar\n|cant|p1a: Incineroar|slp\n|move|p2a: Amoonguss|Spore|p1b: Electabuzz\n|-immune|p1b: Electabuzz|[from] ability: Vital Spirit\n|\n|-weather|none\n|upkeep\n|turn|6\n|\n|t:|1733364869\n|switch|p2b: Ursaluna|Ursaluna-Bloodmoon, L50, M, tera:Bug|45\/100\n|switch|p1a: Kommo-o|Kommo-o, L50, M|100\/100\n|move|p1b: Electabuzz|Follow Me|p1b: Electabuzz\n|-singleturn|p1b: Electabuzz|move: Follow Me\n|move|p2a: Amoonguss|Pollen Puff|p1b: Electabuzz\n|-damage|p1b: Electabuzz|44\/100\n|\n|upkeep\n|turn|7\n|\n|t:|1733364894\n|move|p1b: Electabuzz|Helping Hand|p1a: Kommo-o\n|-singleturn|p1a: Kommo-o|Helping Hand|[of] p1b: Electabuzz\n|move|p1a: Kommo-o|Clanging Scales|p2a: Amoonguss|[spread] p2a,p2b\n|-damage|p2a: Amoonguss|53\/100\n|-damage|p2b: Ursaluna|15\/100\n|-unboost|p1a: Kommo-o|def|1\n|-enditem|p1a: Kommo-o|Throat Spray\n|-boost|p1a: Kommo-o|spa|1|[from] item: Throat Spray\n|move|p2b: Ursaluna|Earth Power|p1b: Electabuzz\n|-supereffective|p1b: Electabuzz\n|-damage|p1b: Electabuzz|0 fnt\n|faint|p1b: Electabuzz\n|move|p2a: Amoonguss|Pollen Puff|p2b: Ursaluna\n|-heal|p2b: Ursaluna|65\/100\n|\n|-sideend|p2: RagingPro|move: Aurora Veil\n|upkeep\n|inactive|futonkagebunshin has 30 seconds left.\n|inactive|futonkagebunshin has 20 seconds left.\n|inactive|futonkagebunshin has 15 seconds left.\n|\n|t:|1733364934\n|switch|p1b: Araquanid|Araquanid, L50, F|76\/100\n|turn|8\n|\n|t:|1733364957\n|move|p2a: Amoonguss|Protect|p2a: Amoonguss\n|-singleturn|p2a: Amoonguss|Protect\n|move|p1a: Kommo-o|Clanging Scales|p2a: Amoonguss|[spread] p2b\n|-activate|p2a: Amoonguss|move: Protect\n|-damage|p2b: Ursaluna|18\/100\n|-unboost|p1a: Kommo-o|def|1\n|move|p2b: Ursaluna|Blood Moon|p1a: Kommo-o\n|-damage|p1a: Kommo-o|7\/100\n|move|p1b: Araquanid|Liquidation|p2a: Amoonguss\n|-activate|p2a: Amoonguss|move: Protect\n|\n|upkeep\n|turn|9\n|\n|t:|1733364977\n|switch|p1a: Incineroar|Incineroar, L50, F|76\/100 slp\n|-ability|p1a: Incineroar|Intimidate|boost\n|-unboost|p2a: Amoonguss|atk|1\n|-unboost|p2b: Ursaluna|atk|1\n|move|p2b: Ursaluna|Vacuum Wave|p1a: Incineroar\n|-supereffective|p1a: Incineroar\n|-damage|p1a: Incineroar|53\/100 slp\n|move|p1b: Araquanid|Liquidation|p2b: Ursaluna\n|-damage|p2b: Ursaluna|0 fnt\n|faint|p2b: Ursaluna\n|move|p2a: Amoonguss|Spore|p1b: Araquanid\n|-status|p1b: Araquanid|slp|[from] move: Spore\n|\n|upkeep\n|\n|t:|1733364982\n|switch|p2b: Incineroar|Incineroar, L50, F|14\/100\n|-ability|p2b: Incineroar|Intimidate|boost\n|-unboost|p1a: Incineroar|atk|1\n|-fail|p1b: Araquanid|unboost|[from] item: Clear Amulet|[of] p1b: Araquanid\n|turn|10\n|inactive|futonkagebunshin has 30 seconds left.\n|\n|t:|1733365013\n|switch|p1a: Kommo-o|Kommo-o, L50, M|7\/100\n|move|p2b: Incineroar|Knock Off|p1b: Araquanid\n|-damage|p1b: Araquanid|31\/100 slp\n|-enditem|p1b: Araquanid|Clear Amulet|[from] move: Knock Off|[of] p2b: Incineroar\n|cant|p1b: Araquanid|slp\n|move|p2a: Amoonguss|Pollen Puff|p2b: Incineroar\n|-heal|p2b: Incineroar|64\/100\n|\n|upkeep\n|turn|11\n|\n|t:|1733365036\n|switch|p1a: Incineroar|Incineroar, L50, F|53\/100 slp\n|-ability|p1a: Incineroar|Intimidate|boost\n|-unboost|p2a: Amoonguss|atk|1\n|-unboost|p2b: Incineroar|atk|1\n|move|p2b: Incineroar|Flare Blitz|p1b: Araquanid\n|-damage|p1b: Araquanid|13\/100 slp\n|-damage|p2b: Incineroar|59\/100|[from] Recoil\n|-curestatus|p1b: Araquanid|slp|[msg]\n|move|p1b: Araquanid|Liquidation|p2b: Incineroar\n|-supereffective|p2b: Incineroar\n|-damage|p2b: Incineroar|0 fnt\n|faint|p2b: Incineroar\n|move|p2a: Amoonguss|Pollen Puff|p1a: Incineroar\n|-damage|p1a: Incineroar|40\/100 slp\n|-enditem|p1a: Incineroar|Sitrus Berry|[eat]\n|-heal|p1a: Incineroar|64\/100 slp|[from] item: Sitrus Berry\n|\n|upkeep\n|turn|12\n|\n|t:|1733365052\n|cant|p1a: Incineroar|slp\n|move|p1b: Araquanid|Liquidation|p2a: Amoonguss\n|-resisted|p2a: Amoonguss\n|-damage|p2a: Amoonguss|29\/100\n|move|p2a: Amoonguss|Pollen Puff|p1b: Araquanid\n|-damage|p1b: Araquanid|0 fnt\n|faint|p1b: Araquanid\n|\n|upkeep\n|\n|t:|1733365057\n|switch|p1b: Kommo-o|Kommo-o, L50, M|7\/100\n|turn|13\n|\n|t:|1733365060\n|move|p1b: Kommo-o|Clanging Scales|p2a: Amoonguss\n|-crit|p2a: Amoonguss\n|-damage|p2a: Amoonguss|0 fnt\n|faint|p2a: Amoonguss\n|\n|win|futonkagebunshin\n|raw|futonkagebunshin's rating: 1650 &rarr; <strong>1674<\/strong><br \/>(+24 for winning)\n|raw|RagingPro's rating: 1728 &rarr; <strong>1704<\/strong><br \/>(-24 for losing)\n|l|\u2606RagingPro\n|player|p2|\n|l|\u2606futonkagebunshin\n|player|p1|\n","uploadtime":1733365275,"views":10,"formatid":"gen9vgc2024regh","rating":1674,"private":0,"password":null}