{"id":"gen9vgc2024regh-2256587524","format":"[Gen 9] VGC 2024 Reg H","players":["IsabellaPasquale","CarryTheBoats"],"log":"|j|\u2606IsabellaPasquale\n|j|\u2606CarryTheBoats\n|t:|1733324910\n|gametype|doubles\n|player|p1|IsabellaPasquale|gentleman-gen1|1794\n|player|p2|CarryTheBoats|crasherwake|1749\n|teamsize|p1|6\n|teamsize|p2|6\n|gen|9\n|tier|[Gen 9] VGC 2024 Reg H\n|rated|\n|rule|Species Clause: Limit one of each Pok\u00e9mon\n|rule|Item Clause: Limit 1 of each item\n|clearpoke\n|poke|p1|Electabuzz, L50, M|\n|poke|p1|Archaludon, L50, F|\n|poke|p1|Ninetales-Alola, L50, F|\n|poke|p1|Rillaboom, L50, F|\n|poke|p1|Armarouge, L50, F|\n|poke|p1|Ursaluna-Bloodmoon, L50, M|\n|poke|p2|Archaludon, L50, F|\n|poke|p2|Pelipper, L50, M|\n|poke|p2|Amoonguss, L50, F|\n|poke|p2|Incineroar, L50, F|\n|poke|p2|Basculegion, L50, M|\n|poke|p2|Dragonite, L50, F|\n|teampreview|4\n|\n|t:|1733324923\n|start\n|switch|p1a: Archaludon|Archaludon, L50, F|100\/100\n|switch|p1b: Rillaboom|Rillaboom, L50, F|100\/100\n|switch|p2a: Pelipper|Pelipper, L50, M|100\/100\n|switch|p2b: Basculegion|Basculegion, L50, M, shiny|100\/100\n|-weather|RainDance|[from] ability: Drizzle|[of] p2a: Pelipper\n|-fieldstart|move: Grassy Terrain|[from] ability: Grassy Surge|[of] p1b: Rillaboom\n|turn|1\n|\n|t:|1733324932\n|move|p2a: Pelipper|Protect|p2a: Pelipper\n|-singleturn|p2a: Pelipper|Protect\n|move|p1b: Rillaboom|Grassy Glide|p2a: Pelipper\n|-activate|p2a: Pelipper|move: Protect\n|move|p2b: Basculegion|Wave Crash|p1a: Archaludon\n|-resisted|p1a: Archaludon\n|-damage|p1a: Archaludon|44\/100\n|-ability|p1a: Archaludon|Stamina|boost\n|-boost|p1a: Archaludon|def|1\n|-damage|p2b: Basculegion|85\/100|[from] Recoil\n|-damage|p2b: Basculegion|75\/100|[from] item: Life Orb\n|move|p1a: Archaludon|Electro Shot||[still]\n|-prepare|p1a: Archaludon|Electro Shot\n|-boost|p1a: Archaludon|spa|1\n|-anim|p1a: Archaludon|Electro Shot|p2a: Pelipper\n|-activate|p2a: Pelipper|move: Protect\n|\n|-weather|RainDance|[upkeep]\n|-heal|p2b: Basculegion|81\/100|[from] Grassy Terrain\n|-heal|p1a: Archaludon|50\/100|[from] Grassy Terrain\n|upkeep\n|turn|2\n|\n|t:|1733324945\n|switch|p2a: Archaludon|Archaludon, L50, F, shiny|100\/100\n|move|p1b: Rillaboom|Grassy Glide|p2a: Archaludon\n|-resisted|p2a: Archaludon\n|-damage|p2a: Archaludon|94\/100\n|-ability|p2a: Archaludon|Stamina|boost\n|-boost|p2a: Archaludon|def|1\n|move|p2b: Basculegion|Wave Crash|p1a: Archaludon\n|-resisted|p1a: Archaludon\n|-damage|p1a: Archaludon|16\/100\n|-ability|p1a: Archaludon|Stamina|boost\n|-boost|p1a: Archaludon|def|1\n|-damage|p2b: Basculegion|71\/100|[from] Recoil\n|-damage|p2b: Basculegion|62\/100|[from] item: Life Orb\n|move|p1a: Archaludon|Electro Shot||[still]\n|-prepare|p1a: Archaludon|Electro Shot\n|-boost|p1a: Archaludon|spa|1\n|-anim|p1a: Archaludon|Electro Shot|p2a: Archaludon\n|-resisted|p2a: Archaludon\n|-damage|p2a: Archaludon|61\/100\n|-ability|p2a: Archaludon|Stamina|boost\n|-boost|p2a: Archaludon|def|1\n|\n|-weather|RainDance|[upkeep]\n|-heal|p2b: Basculegion|68\/100|[from] Grassy Terrain\n|-heal|p1a: Archaludon|22\/100|[from] Grassy Terrain\n|-heal|p2a: Archaludon|67\/100|[from] Grassy Terrain\n|upkeep\n|turn|3\n|\n|t:|1733324995\n|move|p2b: Basculegion|Protect|p2b: Basculegion\n|-singleturn|p2b: Basculegion|Protect\n|move|p1a: Archaludon|Protect|p1a: Archaludon\n|-singleturn|p1a: Archaludon|Protect\n|move|p1b: Rillaboom|Grassy Glide|p2b: Basculegion\n|-activate|p2b: Basculegion|move: Protect\n|move|p2a: Archaludon|Electro Shot||[still]\n|-prepare|p2a: Archaludon|Electro Shot\n|-boost|p2a: Archaludon|spa|1\n|-anim|p2a: Archaludon|Electro Shot|p1a: Archaludon\n|-activate|p1a: Archaludon|move: Protect\n|\n|-weather|RainDance|[upkeep]\n|-heal|p2b: Basculegion|74\/100|[from] Grassy Terrain\n|-heal|p1a: Archaludon|28\/100|[from] Grassy Terrain\n|-heal|p2a: Archaludon|73\/100|[from] Grassy Terrain\n|upkeep\n|turn|4\n|\n|t:|1733325034\n|move|p1b: Rillaboom|Grassy Glide|p2b: Basculegion\n|-supereffective|p2b: Basculegion\n|-damage|p2b: Basculegion|0 fnt\n|faint|p2b: Basculegion\n|move|p1a: Archaludon|Dragon Pulse|p2a: Archaludon\n|-damage|p2a: Archaludon|13\/100\n|-ability|p2a: Archaludon|Stamina|boost\n|-boost|p2a: Archaludon|def|1\n|move|p2a: Archaludon|Electro Shot||[still]\n|-prepare|p2a: Archaludon|Electro Shot\n|-boost|p2a: Archaludon|spa|1\n|-anim|p2a: Archaludon|Electro Shot|p1a: Archaludon\n|-resisted|p1a: Archaludon\n|-damage|p1a: Archaludon|0 fnt\n|faint|p1a: Archaludon\n|\n|-weather|RainDance|[upkeep]\n|-heal|p2a: Archaludon|19\/100|[from] Grassy Terrain\n|upkeep\n|\n|t:|1733325049\n|switch|p1a: Ninetales|Ninetales-Alola, L50, F|100\/100\n|switch|p2b: Dragonite|Dragonite, L50, F|100\/100\n|-weather|Snow|[from] ability: Snow Warning|[of] p1a: Ninetales\n|turn|5\n|\n|t:|1733325067\n|switch|p2b: Pelipper|Pelipper, L50, M|100\/100\n|-weather|RainDance|[from] ability: Drizzle|[of] p2b: Pelipper\n|move|p1a: Ninetales|Icy Wind|p2b: Pelipper|[spread] p2a,p2b\n|-crit|p2a: Archaludon\n|-damage|p2a: Archaludon|1\/100\n|-damage|p2b: Pelipper|74\/100\n|-unboost|p2a: Archaludon|spe|1\n|-unboost|p2b: Pelipper|spe|1\n|-ability|p2a: Archaludon|Stamina|boost\n|-boost|p2a: Archaludon|def|1\n|move|p1b: Rillaboom|High Horsepower|p2a: Archaludon\n|-supereffective|p2a: Archaludon\n|-damage|p2a: Archaludon|0 fnt\n|faint|p2a: Archaludon\n|\n|-weather|RainDance|[upkeep]\n|-fieldend|move: Grassy Terrain\n|upkeep\n|\n|t:|1733325077\n|switch|p2a: Dragonite|Dragonite, L50, F|100\/100\n|turn|6\n|c|\u2606IsabellaPasquale|gg\n|\n|t:|1733325101\n|-terastallize|p2a: Dragonite|Fairy\n|move|p2b: Pelipper|Protect|p2b: Pelipper\n|-singleturn|p2b: Pelipper|Protect\n|move|p1a: Ninetales|Icy Wind|p2b: Pelipper|[spread] p2a\n|-activate|p2b: Pelipper|move: Protect\n|-damage|p2a: Dragonite|92\/100\n|-unboost|p2a: Dragonite|spe|1\n|move|p1b: Rillaboom|Wood Hammer|p2b: Pelipper\n|-activate|p2b: Pelipper|move: Protect\n|move|p2a: Dragonite|Stomping Tantrum|p1a: Ninetales\n|-damage|p1a: Ninetales|59\/100\n|\n|-weather|RainDance|[upkeep]\n|upkeep\n|turn|7\n|\n|t:|1733325119\n|move|p1a: Ninetales|Icy Wind|p2a: Dragonite|[spread] p2b\n|-miss|p1a: Ninetales|p2a: Dragonite\n|-damage|p2b: Pelipper|46\/100\n|-unboost|p2b: Pelipper|spe|1\n|move|p1b: Rillaboom|Wood Hammer|p2b: Pelipper\n|-damage|p2b: Pelipper|0 fnt\n|faint|p2b: Pelipper\n|-damage|p1b: Rillaboom|90\/100|[from] Recoil\n|move|p2a: Dragonite|Scale Shot|p1b: Rillaboom|[miss]\n|-miss|p2a: Dragonite|p1b: Rillaboom\n|\n|-weather|RainDance|[upkeep]\n|upkeep\n|turn|8\n|-message|CarryTheBoats forfeited.\n|\n|win|IsabellaPasquale\n|raw|IsabellaPasquale's rating: 1794 &rarr; <strong>1811<\/strong><br \/>(+17 for winning)\n|raw|CarryTheBoats's rating: 1749 &rarr; <strong>1732<\/strong><br \/>(-17 for losing)\n|l|\u2606CarryTheBoats\n|player|p2|\n","uploadtime":1733325269,"views":19,"formatid":"gen9vgc2024regh","rating":1732,"private":0,"password":null}