{"id":"gen9vgc2024regh-2256589690","format":"[Gen 9] VGC 2024 Reg H","players":["CarryTheBoats","fabriga"],"log":"|j|\u2606CarryTheBoats\n|j|\u2606fabriga\n|t:|1733325129\n|gametype|doubles\n|player|p1|CarryTheBoats|crasherwake|1732\n|player|p2|fabriga|101|1732\n|teamsize|p1|6\n|teamsize|p2|6\n|gen|9\n|tier|[Gen 9] VGC 2024 Reg H\n|rated|\n|rule|Species Clause: Limit one of each Pok\u00e9mon\n|rule|Item Clause: Limit 1 of each item\n|clearpoke\n|poke|p1|Archaludon, L50, M|\n|poke|p1|Pelipper, L50, F|\n|poke|p1|Amoonguss, L50, F|\n|poke|p1|Incineroar, L50, F|\n|poke|p1|Basculegion, L50, M|\n|poke|p1|Dragonite, L50, M|\n|poke|p2|Pelipper, L50, M|\n|poke|p2|Dragonite, L50, M|\n|poke|p2|Gholdengo, L50|\n|poke|p2|Ursaluna, L50, F|\n|poke|p2|Archaludon, L50, M|\n|poke|p2|Sinistcha-Masterpiece, L50|\n|teampreview|4\n|\n|t:|1733325179\n|start\n|switch|p1a: Archaludon|Archaludon, L50, M, shiny|100\/100\n|switch|p1b: Dragonite|Dragonite, L50, M|100\/100\n|switch|p2a: Dragonite|Dragonite, L50, M|100\/100\n|switch|p2b: Ursaluna|Ursaluna, L50, F|100\/100\n|turn|1\n|\n|t:|1733325217\n|-terastallize|p1b: Dragonite|Fairy\n|move|p2a: Dragonite|Tailwind|p2a: Dragonite\n|-sidestart|p2: fabriga|move: Tailwind\n|move|p2b: Ursaluna|Earthquake|p1b: Dragonite|[spread] p1a,p1b\n|-immune|p2a: Dragonite\n|-supereffective|p1a: Archaludon\n|-damage|p1a: Archaludon|43\/100\n|-damage|p1b: Dragonite|75\/100\n|-ability|p1a: Archaludon|Stamina|boost\n|-boost|p1a: Archaludon|def|1\n|move|p1b: Dragonite|Scale Shot|p1a: Archaludon\n|-damage|p1a: Archaludon|36\/100\n|-ability|p1a: Archaludon|Stamina|boost\n|-boost|p1a: Archaludon|def|1\n|-damage|p1a: Archaludon|30\/100\n|-ability|p1a: Archaludon|Stamina|boost\n|-boost|p1a: Archaludon|def|1\n|-damage|p1a: Archaludon|25\/100\n|-ability|p1a: Archaludon|Stamina|boost\n|-boost|p1a: Archaludon|def|1\n|-damage|p1a: Archaludon|21\/100\n|-ability|p1a: Archaludon|Stamina|boost\n|-boost|p1a: Archaludon|def|1\n|-hitcount|p1a: Archaludon|4\n|-unboost|p1b: Dragonite|def|1\n|-boost|p1b: Dragonite|spe|1\n|move|p1a: Archaludon|Body Press|p2b: Ursaluna\n|-supereffective|p2b: Ursaluna\n|-damage|p2b: Ursaluna|0 fnt\n|faint|p2b: Ursaluna\n|\n|upkeep\n|\n|t:|1733325237\n|switch|p2b: Archaludon|Archaludon, L50, M|100\/100\n|turn|2\n|\n|t:|1733325247\n|switch|p1b: Incineroar|Incineroar, L50, F, shiny|100\/100\n|-ability|p1b: Incineroar|Intimidate|boost\n|-unboost|p2a: Dragonite|atk|1\n|-unboost|p2b: Archaludon|atk|1\n|move|p2a: Dragonite|Haze|p2a: Dragonite\n|-clearallboost\n|move|p2b: Archaludon|Flash Cannon|p1b: Incineroar\n|-resisted|p1b: Incineroar\n|-damage|p1b: Incineroar|85\/100\n|move|p1a: Archaludon|Body Press|p2b: Archaludon\n|-supereffective|p2b: Archaludon\n|-damage|p2b: Archaludon|64\/100\n|-ability|p2b: Archaludon|Stamina|boost\n|-boost|p2b: Archaludon|def|1\n|\n|upkeep\n|turn|3\n|\n|t:|1733325266\n|switch|p2a: Sinistcha|Sinistcha-Masterpiece, L50|100\/100\n|-heal|p2b: Archaludon|89\/100|[from] ability: Hospitality|[of] p2a: Sinistcha\n|move|p1b: Incineroar|Fake Out|p2a: Sinistcha\n|-immune|p2a: Sinistcha\n|move|p2b: Archaludon|Body Press|p1b: Incineroar\n|-supereffective|p1b: Incineroar\n|-damage|p1b: Incineroar|22\/100\n|move|p1a: Archaludon|Dragon Pulse|p2a: Sinistcha\n|-damage|p2a: Sinistcha|58\/100\n|\n|upkeep\n|turn|4\n|\n|t:|1733325289\n|move|p2b: Archaludon|Body Press|p1b: Incineroar\n|-supereffective|p1b: Incineroar\n|-damage|p1b: Incineroar|0 fnt\n|faint|p1b: Incineroar\n|move|p2a: Sinistcha|Life Dew|p2a: Sinistcha|[spread] p2a,p2b\n|-heal|p2a: Sinistcha|84\/100\n|-heal|p2b: Archaludon|100\/100\n|move|p1a: Archaludon|Dragon Pulse|p2a: Sinistcha\n|-damage|p2a: Sinistcha|43\/100\n|-enditem|p2a: Sinistcha|Sitrus Berry|[eat]\n|-heal|p2a: Sinistcha|67\/100|[from] item: Sitrus Berry\n|\n|-sideend|p2: fabriga|move: Tailwind\n|upkeep\n|\n|t:|1733325303\n|switch|p1b: Dragonite|Dragonite, L50, M, tera:Fairy|75\/100\n|turn|5\n|\n|t:|1733325318\n|move|p2a: Sinistcha|Rage Powder|p2a: Sinistcha\n|-singleturn|p2a: Sinistcha|move: Rage Powder\n|move|p1b: Dragonite|Scale Shot|p2a: Sinistcha|[miss]\n|-miss|p1b: Dragonite|p2a: Sinistcha\n|move|p2b: Archaludon|Flash Cannon|p1b: Dragonite\n|-supereffective|p1b: Dragonite\n|-damage|p1b: Dragonite|0 fnt\n|faint|p1b: Dragonite\n|move|p1a: Archaludon|Dragon Pulse|p2a: Sinistcha\n|-damage|p2a: Sinistcha|29\/100\n|\n|upkeep\n|-message|CarryTheBoats forfeited.\n|\n|win|fabriga\n|raw|CarryTheBoats's rating: 1732 &rarr; <strong>1712<\/strong><br \/>(-20 for losing)\n|raw|fabriga's rating: 1732 &rarr; <strong>1752<\/strong><br \/>(+20 for winning)\n|l|\u2606CarryTheBoats\n|player|p1|\n","uploadtime":1733325348,"views":24,"formatid":"gen9vgc2024regh","rating":1712,"private":0,"password":null}