{"id":"gen9vgc2024regh-2256089117","format":"[Gen 9] VGC 2024 Reg H","players":["elvegis1","insertable194"],"log":"|j|\u2606elvegis1\n|j|\u2606insertable194\n|t:|1733256190\n|gametype|doubles\n|player|p1|elvegis1|lucas|1773\n|player|p2|insertable194|hanbei-conquest|1713\n|teamsize|p1|6\n|teamsize|p2|6\n|gen|9\n|tier|[Gen 9] VGC 2024 Reg H\n|rated|\n|rule|Species Clause: Limit one of each Pok\u00e9mon\n|rule|Item Clause: Limit 1 of each item\n|clearpoke\n|poke|p1|Incineroar, L50, M|\n|poke|p1|Kingambit, L50, M|\n|poke|p1|Dusclops, L50, M|\n|poke|p1|Gastrodon-East, L50, M|\n|poke|p1|Ursaluna-Bloodmoon, L50, M|\n|poke|p1|Zoroark-Hisui, L50, F|\n|poke|p2|Dondozo, L50, M|\n|poke|p2|Gholdengo, L50|\n|poke|p2|Tatsugiri, L50, F|\n|poke|p2|Tyranitar, L50, F|\n|poke|p2|Dragonite, L50, M|\n|poke|p2|Annihilape, L50, M|\n|teampreview|4\n|inactive|Battle timer is ON: inactive players will automatically lose when time's up. (requested by elvegis1)\n|\n|t:|1733256223\n|start\n|switch|p1a: Ursaluna|Ursaluna-Bloodmoon, L50, M|100\/100\n|switch|p1b: Dusclops|Dusclops, L50, M|100\/100\n|switch|p2a: Annihilape|Annihilape, L50, M|100\/100\n|switch|p2b: Dondozo|Dondozo, L50, M|100\/100\n|-item|p2a: Annihilape|Safety Goggles|[from] ability: Frisk|[of] p1b: Dusclops\n|-item|p2b: Dondozo|Leftovers|[from] ability: Frisk|[of] p1b: Dusclops\n|turn|1\n|\n|t:|1733256238\n|move|p1a: Ursaluna|Taunt|p2b: Dondozo\n|-start|p2b: Dondozo|move: Taunt\n|move|p2a: Annihilape|Coaching|p2b: Dondozo\n|-boost|p2b: Dondozo|atk|1\n|-boost|p2b: Dondozo|def|1\n|cant|p2b: Dondozo|move: Taunt|Yawn\n|move|p1b: Dusclops|Will-O-Wisp|p2a: Annihilape\n|-status|p2a: Annihilape|brn\n|\n|-damage|p2a: Annihilape|95\/100 brn|[from] brn\n|upkeep\n|turn|2\n|inactive|insertable194 has 30 seconds left.\n|inactive|elvegis1 has 30 seconds left.\n|inactive|insertable194 has 20 seconds left.\n|\n|t:|1733256280\n|switch|p2a: Tatsugiri|Tatsugiri, L50, F|100\/100\n|-activate|p2a: Tatsugiri|ability: Commander|[of] p2b: Dondozo\n|-boost|p2b: Dondozo|atk|2\n|-boost|p2b: Dondozo|spa|2\n|-boost|p2b: Dondozo|spe|2\n|-boost|p2b: Dondozo|def|2\n|-boost|p2b: Dondozo|spd|2\n|-terastallize|p1a: Ursaluna|Stellar\n|move|p1a: Ursaluna|Shadow Ball|p2a: Tatsugiri|[miss]\n|-miss|p1a: Ursaluna|p2a: Tatsugiri\n|move|p2b: Dondozo|Wave Crash|p1b: Dusclops\n|-damage|p1b: Dusclops|26\/100\n|-damage|p2b: Dondozo|85\/100|[from] Recoil\n|move|p1b: Dusclops|Will-O-Wisp|p2b: Dondozo\n|-status|p2b: Dondozo|brn\n|\n|-heal|p2b: Dondozo|91\/100 brn|[from] item: Leftovers\n|-damage|p2b: Dondozo|85\/100 brn|[from] brn\n|upkeep\n|turn|3\n|j| sevenstarsvgc\n|\n|t:|1733256298\n|switch|p1a: Gastrodon|Gastrodon-East, L50, M|100\/100\n|move|p2b: Dondozo|Order Up|p1b: Dusclops\n|-damage|p1b: Dusclops|10\/100\n|-boost|p2b: Dondozo|atk|1\n|move|p1b: Dusclops|Trick Room|p1b: Dusclops\n|-fieldstart|move: Trick Room|[of] p1b: Dusclops\n|\n|-heal|p2b: Dondozo|91\/100 brn|[from] item: Leftovers\n|-damage|p2b: Dondozo|85\/100 brn|[from] brn\n|-end|p2b: Dondozo|move: Taunt\n|upkeep\n|turn|4\n|\n|t:|1733256311\n|move|p1b: Dusclops|Pain Split|p2b: Dondozo\n|-sethp|p2b: Dondozo|45\/100 brn|[from] move: Pain Split|[silent]\n|-sethp|p1b: Dusclops|70\/100|[from] move: Pain Split\n|move|p1a: Gastrodon|Muddy Water|p2b: Dondozo|[spread] p2b\n|-miss|p1a: Gastrodon|p2a: Tatsugiri\n|-resisted|p2b: Dondozo\n|-damage|p2b: Dondozo|40\/100 brn\n|-unboost|p2b: Dondozo|accuracy|1\n|move|p2b: Dondozo|Order Up|p1b: Dusclops\n|-damage|p1b: Dusclops|50\/100\n|-boost|p2b: Dondozo|atk|1\n|\n|-heal|p2b: Dondozo|46\/100 brn|[from] item: Leftovers\n|-damage|p2b: Dondozo|40\/100 brn|[from] brn\n|upkeep\n|turn|5\n|\n|t:|1733256326\n|move|p1b: Dusclops|Night Shade|p2b: Dondozo\n|-damage|p2b: Dondozo|18\/100 brn\n|move|p1a: Gastrodon|Muddy Water|p2b: Dondozo|[spread] p2b\n|-miss|p1a: Gastrodon|p2a: Tatsugiri\n|-resisted|p2b: Dondozo\n|-damage|p2b: Dondozo|13\/100 brn\n|-unboost|p2b: Dondozo|accuracy|1\n|move|p2b: Dondozo|Yawn|p1a: Gastrodon\n|-start|p1a: Gastrodon|move: Yawn|[of] p2b: Dondozo\n|\n|-heal|p2b: Dondozo|19\/100 brn|[from] item: Leftovers\n|-damage|p2b: Dondozo|13\/100 brn|[from] brn\n|upkeep\n|turn|6\n|\n|t:|1733256344\n|switch|p1a: Ursaluna|Ursaluna-Bloodmoon, L50, M|100\/100\n|move|p2b: Dondozo|Protect|p2b: Dondozo\n|-singleturn|p2b: Dondozo|Protect\n|move|p1b: Dusclops|Night Shade|p2b: Dondozo\n|-activate|p2b: Dondozo|move: Protect\n|\n|-heal|p2b: Dondozo|19\/100 brn|[from] item: Leftovers\n|-damage|p2b: Dondozo|13\/100 brn|[from] brn\n|upkeep\n|turn|7\n|\n|t:|1733256352\n|move|p1b: Dusclops|Night Shade|p2b: Dondozo\n|-damage|p2b: Dondozo|0 fnt\n|faint|p2b: Dondozo\n|move|p1a: Ursaluna|Blood Moon|p2a: Tatsugiri\n|-damage|p2a: Tatsugiri|0 fnt\n|faint|p2a: Tatsugiri\n|\n|-fieldend|move: Trick Room\n|upkeep\n|\n|t:|1733256355\n|switch|p2a: Tyranitar|Tyranitar, L50, F|100\/100\n|switch|p2b: Annihilape|Annihilape, L50, M|95\/100 brn\n|-weather|Sandstorm|[from] ability: Sand Stream|[of] p2a: Tyranitar\n|turn|8\n|inactive|elvegis1 has 30 seconds left.\n|inactive|insertable194 has 30 seconds left.\n|\n|t:|1733256384\n|switch|p1a: Gastrodon|Gastrodon-East, L50, M|100\/100\n|move|p2b: Annihilape|Coaching|p2a: Tyranitar\n|-boost|p2a: Tyranitar|atk|1\n|-boost|p2a: Tyranitar|def|1\n|move|p2a: Tyranitar|Knock Off|p1b: Dusclops\n|-supereffective|p1b: Dusclops\n|-damage|p1b: Dusclops|0 fnt\n|-enditem|p1b: Dusclops|Eviolite|[from] move: Knock Off|[of] p2a: Tyranitar\n|faint|p1b: Dusclops\n|\n|-weather|Sandstorm|[upkeep]\n|-damage|p2b: Annihilape|89\/100 brn|[from] brn\n|upkeep\n|\n|t:|1733256395\n|switch|p1b: Ursaluna|Ursaluna-Bloodmoon, L50, M, tera:Stellar|100\/100\n|turn|9\n|inactive|insertable194 has 30 seconds left.\n|\n|t:|1733256420\n|move|p1b: Ursaluna|Shadow Ball|p2b: Annihilape\n|-supereffective|p2b: Annihilape\n|-damage|p2b: Annihilape|0 fnt\n|faint|p2b: Annihilape\n|move|p2a: Tyranitar|Knock Off|p1a: Gastrodon\n|-damage|p1a: Gastrodon|23\/100\n|-enditem|p1a: Gastrodon|Leftovers|[from] move: Knock Off|[of] p2a: Tyranitar\n|move|p1a: Gastrodon|Yawn|p2a: Tyranitar\n|-start|p2a: Tyranitar|move: Yawn|[of] p1a: Gastrodon\n|\n|-weather|Sandstorm|[upkeep]\n|-damage|p1b: Ursaluna|94\/100|[from] Sandstorm\n|upkeep\n|turn|10\n|\n|t:|1733256438\n|move|p1a: Gastrodon|Protect|p1a: Gastrodon\n|-singleturn|p1a: Gastrodon|Protect\n|move|p1b: Ursaluna|Icy Wind|p2a: Tyranitar\n|-damage|p2a: Tyranitar|92\/100\n|-unboost|p2a: Tyranitar|spe|1\n|move|p2a: Tyranitar|Low Kick|p1a: Gastrodon\n|-activate|p1a: Gastrodon|move: Protect\n|\n|-weather|Sandstorm|[upkeep]\n|-damage|p1b: Ursaluna|88\/100|[from] Sandstorm\n|-end|p2a: Tyranitar|move: Yawn|[silent]\n|-status|p2a: Tyranitar|slp\n|upkeep\n|turn|11\n|\n|t:|1733256451\n|move|p1b: Ursaluna|Icy Wind|p2a: Tyranitar\n|-damage|p2a: Tyranitar|85\/100 slp\n|-unboost|p2a: Tyranitar|spe|1\n|move|p1a: Gastrodon|Muddy Water|p2a: Tyranitar\n|-supereffective|p2a: Tyranitar\n|-damage|p2a: Tyranitar|61\/100 slp\n|-unboost|p2a: Tyranitar|accuracy|1\n|cant|p2a: Tyranitar|slp\n|\n|-weather|Sandstorm|[upkeep]\n|-damage|p1b: Ursaluna|82\/100|[from] Sandstorm\n|upkeep\n|turn|12\n|\n|t:|1733256468\n|move|p1b: Ursaluna|Shadow Ball|p2a: Tyranitar\n|-resisted|p2a: Tyranitar\n|-damage|p2a: Tyranitar|54\/100 slp\n|move|p1a: Gastrodon|Ice Beam|p2a: Tyranitar\n|-damage|p2a: Tyranitar|46\/100 slp\n|cant|p2a: Tyranitar|slp\n|\n|-weather|none\n|upkeep\n|turn|13\n|\n|t:|1733256482\n|move|p1b: Ursaluna|Shadow Ball|p2a: Tyranitar\n|-resisted|p2a: Tyranitar\n|-damage|p2a: Tyranitar|35\/100 slp\n|move|p1a: Gastrodon|Ice Beam|p2a: Tyranitar\n|-damage|p2a: Tyranitar|23\/100 slp\n|cant|p2a: Tyranitar|slp\n|\n|upkeep\n|turn|14\n|\n|t:|1733256496\n|move|p1b: Ursaluna|Shadow Ball|p2a: Tyranitar\n|-resisted|p2a: Tyranitar\n|-damage|p2a: Tyranitar|10\/100 slp\n|move|p1a: Gastrodon|Ice Beam|p2a: Tyranitar\n|-damage|p2a: Tyranitar|0 fnt\n|faint|p2a: Tyranitar\n|\n|win|elvegis1\n|raw|elvegis1's rating: 1773 &rarr; <strong>1790<\/strong><br \/>(+17 for winning)\n|raw|insertable194's rating: 1713 &rarr; <strong>1696<\/strong><br \/>(-17 for losing)\n|l| sevenstarsvgc\n|c|\u2606elvegis1|Gg\n|l|\u2606elvegis1\n|player|p1|\n|c|\u2606insertable194|gg wp\n","uploadtime":1733256740,"views":16,"formatid":"gen9vgc2024regh","rating":1696,"private":0,"password":null}