{"id":"gen9vgc2024regh-2256088900","format":"[Gen 9] VGC 2024 Reg H","players":["IsabellaPasquale","heybetch"],"log":"|j|\u2606IsabellaPasquale\n|j|\u203dheybetch\n|t:|1733256171\n|gametype|doubles\n|player|p1|IsabellaPasquale|gentleman-gen1|1666\n|player|p2|heybetch|1|1715\n|teamsize|p1|6\n|teamsize|p2|6\n|gen|9\n|tier|[Gen 9] VGC 2024 Reg H\n|rated|\n|rule|Species Clause: Limit one of each Pok\u00e9mon\n|rule|Item Clause: Limit 1 of each item\n|clearpoke\n|poke|p1|Electabuzz, L50, F|\n|poke|p1|Archaludon, L50, M|\n|poke|p1|Ninetales-Alola, L50, F|\n|poke|p1|Rillaboom, L50, M|\n|poke|p1|Armarouge, L50, M|\n|poke|p1|Ursaluna-Bloodmoon, L50, M|\n|poke|p2|Gothitelle, L50, M|\n|poke|p2|Azumarill, L50, F|\n|poke|p2|Gholdengo, L50|\n|poke|p2|Amoonguss, L50, F|\n|poke|p2|Ursaluna-Bloodmoon, L50, M|\n|poke|p2|Grimmsnarl, L50, M|\n|teampreview|4\n|inactive|Battle timer is ON: inactive players will automatically lose when time's up. (requested by heybetch)\n|inactive|IsabellaPasquale has 60 seconds left.\n|\n|t:|1733256229\n|start\n|switch|p1a: Ursaluna|Ursaluna-Bloodmoon, L50, M|100\/100\n|switch|p1b: Rillaboom|Rillaboom, L50, M|100\/100\n|switch|p2a: Ursaluna|Ursaluna-Bloodmoon, L50, M|100\/100\n|switch|p2b: Gholdengo|Gholdengo, L50|100\/100\n|-fieldstart|move: Grassy Terrain|[from] ability: Grassy Surge|[of] p1b: Rillaboom\n|turn|1\n|inactive|IsabellaPasquale has 30 seconds left.\n|inactive|heybetch has 30 seconds left.\n|inactive|heybetch has 20 seconds left.\n|\n|t:|1733256266\n|-terastallize|p2a: Ursaluna|Ghost\n|move|p2b: Gholdengo|Make It Rain|p1b: Rillaboom|[spread] p1a,p1b\n|-damage|p1a: Ursaluna|8\/100\n|-damage|p1b: Rillaboom|44\/100\n|-unboost|p2b: Gholdengo|spa|1\n|move|p1b: Rillaboom|High Horsepower|p2b: Gholdengo\n|-supereffective|p2b: Gholdengo\n|-damage|p2b: Gholdengo|18\/100\n|move|p1a: Ursaluna|Blood Moon|p2a: Ursaluna\n|-damage|p2a: Ursaluna|0 fnt\n|faint|p2a: Ursaluna\n|-damage|p1a: Ursaluna|0 fnt|[from] item: Life Orb\n|faint|p1a: Ursaluna\n|\n|-heal|p2b: Gholdengo|24\/100|[from] Grassy Terrain\n|-heal|p1b: Rillaboom|50\/100|[from] Grassy Terrain\n|upkeep\n|\n|t:|1733256291\n|switch|p1a: Armarouge|Armarouge, L50, M|100\/100\n|switch|p2a: Grimmsnarl|Grimmsnarl, L50, M|100\/100\n|turn|2\n|inactive|heybetch has 30 seconds left.\n|inactive|heybetch has 20 seconds left.\n|inactive|heybetch has 15 seconds left.\n|\n|t:|1733256331\n|switch|p2b: Azumarill|Azumarill, L50, F|100\/100\n|move|p1b: Rillaboom|Grassy Glide|p2a: Grimmsnarl\n|-damage|p2a: Grimmsnarl|57\/100\n|move|p2a: Grimmsnarl|Light Screen|p2a: Grimmsnarl\n|-sidestart|p2: heybetch|move: Light Screen\n|move|p1a: Armarouge|Heat Wave|p2b: Azumarill|[spread] p2b\n|-miss|p1a: Armarouge|p2a: Grimmsnarl\n|-resisted|p2b: Azumarill\n|-damage|p2b: Azumarill|90\/100\n|-status|p2b: Azumarill|brn\n|\n|-heal|p1b: Rillaboom|56\/100|[from] Grassy Terrain\n|-heal|p2a: Grimmsnarl|63\/100|[from] Grassy Terrain\n|-heal|p2b: Azumarill|96\/100 brn|[from] Grassy Terrain\n|-damage|p2b: Azumarill|90\/100 brn|[from] brn\n|upkeep\n|turn|3\n|j| sevenstarsvgc\n|\n|t:|1733256351\n|-terastallize|p1b: Rillaboom|Fire\n|move|p1b: Rillaboom|Grassy Glide|p2b: Azumarill\n|-ability|p2b: Azumarill|Sap Sipper|boost\n|-boost|p2b: Azumarill|atk|1\n|move|p2a: Grimmsnarl|Reflect|p2a: Grimmsnarl\n|-sidestart|p2: heybetch|Reflect\n|move|p1a: Armarouge|Heat Wave|p2b: Azumarill|[spread] p2a,p2b\n|-resisted|p2b: Azumarill\n|-damage|p2a: Grimmsnarl|42\/100\n|-damage|p2b: Azumarill|81\/100 brn\n|move|p2b: Azumarill|Whirlpool|p1a: Armarouge\n|-supereffective|p1a: Armarouge\n|-damage|p1a: Armarouge|81\/100\n|-activate|p1a: Armarouge|move: Whirlpool|[of] p2b: Azumarill\n|\n|-heal|p1b: Rillaboom|62\/100|[from] Grassy Terrain\n|-heal|p1a: Armarouge|87\/100|[from] Grassy Terrain\n|-heal|p2a: Grimmsnarl|48\/100|[from] Grassy Terrain\n|-heal|p2b: Azumarill|86\/100 brn|[from] Grassy Terrain\n|-damage|p2b: Azumarill|81\/100 brn|[from] brn\n|-damage|p1a: Armarouge|74\/100|[from] move: Whirlpool|[partiallytrapped]\n|upkeep\n|turn|4\n|l| sevenstarsvgc\n|inactive|IsabellaPasquale has 30 seconds left.\n|\n|t:|1733256381\n|move|p2a: Grimmsnarl|Sucker Punch|p1a: Armarouge\n|-supereffective|p1a: Armarouge\n|-damage|p1a: Armarouge|23\/100\n|-enditem|p1a: Armarouge|Sitrus Berry|[eat]\n|-heal|p1a: Armarouge|48\/100|[from] item: Sitrus Berry\n|move|p1b: Rillaboom|Wood Hammer|p2a: Grimmsnarl\n|-damage|p2a: Grimmsnarl|0 fnt\n|faint|p2a: Grimmsnarl\n|-damage|p1b: Rillaboom|46\/100|[from] Recoil\n|move|p1a: Armarouge|Heat Wave|p2b: Azumarill\n|-resisted|p2b: Azumarill\n|-damage|p2b: Azumarill|68\/100 brn\n|move|p2b: Azumarill|Whirlpool|p1b: Rillaboom\n|-supereffective|p1b: Rillaboom\n|-damage|p1b: Rillaboom|33\/100\n|-activate|p1b: Rillaboom|move: Whirlpool|[of] p2b: Azumarill\n|\n|-heal|p1b: Rillaboom|39\/100|[from] Grassy Terrain\n|-heal|p1a: Armarouge|55\/100|[from] Grassy Terrain\n|-heal|p2b: Azumarill|73\/100 brn|[from] Grassy Terrain\n|-damage|p2b: Azumarill|68\/100 brn|[from] brn\n|-damage|p1b: Rillaboom|27\/100|[from] move: Whirlpool|[partiallytrapped]\n|-damage|p1a: Armarouge|42\/100|[from] move: Whirlpool|[partiallytrapped]\n|upkeep\n|\n|t:|1733256395\n|switch|p2a: Gholdengo|Gholdengo, L50|24\/100\n|turn|5\n|inactive|heybetch has 30 seconds left.\n|inactive|heybetch has 20 seconds left.\n|l|\u2606IsabellaPasquale\n|inactive|IsabellaPasquale disconnected and has a minute to reconnect!\n|player|p1|\n|inactive|heybetch has 15 seconds left.\n|j|\u2606IsabellaPasquale\n|inactive|IsabellaPasquale reconnected.\n|player|p1|IsabellaPasquale|gentleman-gen1|\n|l|\u203dheybetch\n|inactive|heybetch disconnected and has a minute to reconnect!\n|player|p2|\n|inactive|heybetch has 10 seconds left.\n|inactive|heybetch has 5 seconds left.\n|j|\u203dheybetch\n|inactive|heybetch reconnected and has 5 seconds left.\n|player|p2|heybetch|1|\n|n|\u203dheybetch|heybetch\n|n|\u203dheybetch|heybetch\n|n|\u203dheybetch|heybetch\n|n|\u203dheybetch|heybetch\n|\n|t:|1733256451\n|move|p1b: Rillaboom|Grassy Glide|p2a: Gholdengo\n|-resisted|p2a: Gholdengo\n|-crit|p2a: Gholdengo\n|-damage|p2a: Gholdengo|0 fnt\n|faint|p2a: Gholdengo\n|move|p1a: Armarouge|Armor Cannon|p2b: Azumarill\n|-resisted|p2b: Azumarill\n|-damage|p2b: Azumarill|49\/100 brn\n|-unboost|p1a: Armarouge|def|1\n|-unboost|p1a: Armarouge|spd|1\n|move|p2b: Azumarill|Whirlpool|p1b: Rillaboom\n|-supereffective|p1b: Rillaboom\n|-crit|p1b: Rillaboom\n|-damage|p1b: Rillaboom|8\/100\n|\n|-heal|p1b: Rillaboom|14\/100|[from] Grassy Terrain\n|-heal|p1a: Armarouge|48\/100|[from] Grassy Terrain\n|-heal|p2b: Azumarill|55\/100 brn|[from] Grassy Terrain\n|-damage|p2b: Azumarill|49\/100 brn|[from] brn\n|-damage|p1b: Rillaboom|2\/100|[from] move: Whirlpool|[partiallytrapped]\n|-damage|p1a: Armarouge|36\/100|[from] move: Whirlpool|[partiallytrapped]\n|-fieldend|move: Grassy Terrain\n|upkeep\n|turn|6\n|\n|t:|1733256469\n|move|p1b: Rillaboom|High Horsepower|p2b: Azumarill\n|-damage|p2b: Azumarill|27\/100 brn\n|move|p1a: Armarouge|Armor Cannon|p2b: Azumarill\n|-resisted|p2b: Azumarill\n|-damage|p2b: Azumarill|11\/100 brn\n|-unboost|p1a: Armarouge|def|1\n|-unboost|p1a: Armarouge|spd|1\n|move|p2b: Azumarill|Rest|p2b: Azumarill\n|-status|p2b: Azumarill|slp|[from] move: Rest\n|-heal|p2b: Azumarill|100\/100 slp|[silent]\n|-enditem|p2b: Azumarill|Chesto Berry|[eat]\n|-curestatus|p2b: Azumarill|slp|[msg]\n|\n|-damage|p1b: Rillaboom|0 fnt|[from] move: Whirlpool|[partiallytrapped]\n|faint|p1b: Rillaboom\n|-damage|p1a: Armarouge|23\/100|[from] move: Whirlpool|[partiallytrapped]\n|upkeep\n|c|\u2606IsabellaPasquale|gg\n|\n|t:|1733256474\n|switch|p1b: Ninetales|Ninetales-Alola, L50, F|100\/100\n|-weather|Snow|[from] ability: Snow Warning|[of] p1b: Ninetales\n|turn|7\n|\n|t:|1733256481\n|move|p1b: Ninetales|Encore|p2b: Azumarill\n|-start|p2b: Azumarill|Encore\n|move|p1a: Armarouge|Armor Cannon|p2b: Azumarill\n|-resisted|p2b: Azumarill\n|-crit|p2b: Azumarill\n|-damage|p2b: Azumarill|64\/100\n|-unboost|p1a: Armarouge|def|1\n|-unboost|p1a: Armarouge|spd|1\n|move|p2b: Azumarill|Rest|p2b: Azumarill\n|-status|p2b: Azumarill|slp|[from] move: Rest\n|-heal|p2b: Azumarill|100\/100 slp|[silent]\n|\n|-weather|Snow|[upkeep]\n|-damage|p1a: Armarouge|11\/100|[from] move: Whirlpool|[partiallytrapped]\n|upkeep\n|turn|8\n|-message|heybetch forfeited.\n|\n|win|IsabellaPasquale\n|raw|IsabellaPasquale's rating: 1639 &rarr; <strong>1663<\/strong><br \/>(+24 for winning)\n|raw|heybetch's rating: 1715 &rarr; <strong>1691<\/strong><br \/>(-24 for losing)\n|l|\u203dheybetch\n|player|p2|\n|l|\u2606IsabellaPasquale\n|player|p1|\n","uploadtime":1733256740,"views":23,"formatid":"gen9vgc2024regh","rating":1663,"private":0,"password":null}