{"id":"gen9vgc2024regh-2256945595","format":"[Gen 9] VGC 2024 Reg H","players":["OUFR snakeburger","futonkagebunshin"],"log":"|j|\u2606OUFR snakeburger\n|j|\u2606futonkagebunshin\n|t:|1733362282\n|gametype|doubles\n|player|p1|OUFR snakeburger|170|1684\n|player|p2|futonkagebunshin|policeman-gen4|1752\n|teamsize|p1|6\n|teamsize|p2|6\n|gen|9\n|tier|[Gen 9] VGC 2024 Reg H\n|rated|\n|rule|Species Clause: Limit one of each Pok\u00e9mon\n|rule|Item Clause: Limit 1 of each item\n|clearpoke\n|poke|p1|Dragonite, L50, M|\n|poke|p1|Sinistcha, L50|\n|poke|p1|Ursaluna, L50, F|\n|poke|p1|Gholdengo, L50|\n|poke|p1|Archaludon, L50, M|\n|poke|p1|Pelipper, L50, F|\n|poke|p2|Sinistcha, L50|\n|poke|p2|Incineroar, L50, M|\n|poke|p2|Araquanid, L50, F|\n|poke|p2|Electabuzz, L50, M|\n|poke|p2|Sylveon, L50, F|\n|poke|p2|Kommo-o, L50, F|\n|teampreview|4\n|c|\u2606OUFR snakeburger|glhf\n|j| Wanshanmeiyangcui\n|c|\u2606futonkagebunshin|Maybe mabybe not\n|inactive|Battle timer is ON: inactive players will automatically lose when time's up. (requested by futonkagebunshin)\n|\n|t:|1733362349\n|start\n|switch|p1a: Dragonite|Dragonite, L50, M|100\/100\n|switch|p1b: Archaludon|Archaludon, L50, M|100\/100\n|switch|p2a: Electabuzz|Electabuzz, L50, M|100\/100\n|switch|p2b: Kommo-o|Kommo-o, L50, F|100\/100\n|turn|1\n|inactive|OUFR snakeburger has 30 seconds left.\n|inactive|futonkagebunshin has 30 seconds left.\n|inactive|OUFR snakeburger has 20 seconds left.\n|\n|t:|1733362384\n|switch|p2b: Incineroar|Incineroar, L50, M|100\/100\n|-ability|p2b: Incineroar|Intimidate|boost\n|-unboost|p1a: Dragonite|atk|1\n|-unboost|p1b: Archaludon|atk|1\n|move|p2a: Electabuzz|Volt Switch|p1a: Dragonite\n|-crit|p1a: Dragonite\n|-damage|p1a: Dragonite|85\/100\n|\n|t:|1733362396\n|switch|p2a: Kommo-o|Kommo-o, L50, F|100\/100|[from] Volt Switch\n|move|p1b: Archaludon|Snarl|p2b: Incineroar|[spread] p2b\n|-immune|p2a: Kommo-o|[from] ability: Soundproof\n|-resisted|p2b: Incineroar\n|-damage|p2b: Incineroar|95\/100\n|-unboost|p2b: Incineroar|spa|1\n|move|p1a: Dragonite|Scale Shot|p2a: Kommo-o\n|-supereffective|p2a: Kommo-o\n|-damage|p2a: Kommo-o|81\/100\n|-supereffective|p2a: Kommo-o\n|-damage|p2a: Kommo-o|64\/100\n|-supereffective|p2a: Kommo-o\n|-damage|p2a: Kommo-o|44\/100\n|-supereffective|p2a: Kommo-o\n|-damage|p2a: Kommo-o|24\/100\n|-supereffective|p2a: Kommo-o\n|-damage|p2a: Kommo-o|4\/100\n|-hitcount|p2a: Kommo-o|5\n|-unboost|p1a: Dragonite|def|1\n|-boost|p1a: Dragonite|spe|1\n|\n|upkeep\n|turn|2\n|inactive|futonkagebunshin has 30 seconds left.\n|c|\u2606futonkagebunshin|Bad evs my god\n|inactive|futonkagebunshin has 20 seconds left.\n|c|\u2606futonkagebunshin|My bad\n|inactive|futonkagebunshin has 15 seconds left.\n|inactive|futonkagebunshin has 10 seconds left.\n|inactive|futonkagebunshin has 5 seconds left.\n|\n|t:|1733362449\n|move|p1a: Dragonite|Protect|p1a: Dragonite\n|-singleturn|p1a: Dragonite|Protect\n|move|p2a: Kommo-o|Aura Sphere|p1b: Archaludon\n|-supereffective|p1b: Archaludon\n|-damage|p1b: Archaludon|36\/100\n|-ability|p1b: Archaludon|Stamina|boost\n|-boost|p1b: Archaludon|def|1\n|move|p1b: Archaludon|Flash Cannon|p2a: Kommo-o\n|-damage|p2a: Kommo-o|0 fnt\n|faint|p2a: Kommo-o\n|move|p2b: Incineroar|Knock Off|p1b: Archaludon\n|-damage|p1b: Archaludon|17\/100\n|-ability|p1b: Archaludon|Stamina|boost\n|-boost|p1b: Archaludon|def|1\n|-enditem|p1b: Archaludon|Assault Vest|[from] move: Knock Off|[of] p2b: Incineroar\n|\n|upkeep\n|inactive|futonkagebunshin has 30 seconds left.\n|inactive|futonkagebunshin has 20 seconds left.\n|inactive|futonkagebunshin has 15 seconds left.\n|inactive|futonkagebunshin has 10 seconds left.\n|\n|t:|1733362496\n|switch|p2a: Electabuzz|Electabuzz, L50, M|100\/100\n|turn|3\n|\n|t:|1733362516\n|-terastallize|p2b: Incineroar|Ghost\n|move|p1a: Dragonite|Tailwind|p1a: Dragonite\n|-sidestart|p1: OUFR snakeburger|move: Tailwind\n|move|p1b: Archaludon|Body Press|p2b: Incineroar\n|-immune|p2b: Incineroar\n|move|p2a: Electabuzz|Volt Switch|p1a: Dragonite\n|-damage|p1a: Dragonite|61\/100\n|\n|t:|1733362527\n|switch|p2a: Sinistcha|Sinistcha, L50|100\/100|[from] Volt Switch\n|-heal|p2b: Incineroar|100\/100|[from] ability: Hospitality|[of] p2a: Sinistcha\n|move|p2b: Incineroar|Flare Blitz|p1b: Archaludon\n|-damage|p1b: Archaludon|0 fnt\n|faint|p1b: Archaludon\n|-damage|p2b: Incineroar|95\/100|[from] Recoil\n|\n|upkeep\n|\n|t:|1733362531\n|switch|p1b: Pelipper|Pelipper, L50, F|100\/100\n|-weather|RainDance|[from] ability: Drizzle|[of] p1b: Pelipper\n|turn|4\n|\n|t:|1733362546\n|switch|p2a: Electabuzz|Electabuzz, L50, M|100\/100\n|move|p1a: Dragonite|Scale Shot|p2a: Electabuzz\n|-crit|p2a: Electabuzz\n|-damage|p2a: Electabuzz|83\/100\n|-damage|p2a: Electabuzz|75\/100\n|-damage|p2a: Electabuzz|69\/100\n|-damage|p2a: Electabuzz|61\/100\n|-damage|p2a: Electabuzz|53\/100\n|-hitcount|p2a: Electabuzz|5\n|-unboost|p1a: Dragonite|def|1\n|-boost|p1a: Dragonite|spe|1\n|move|p1b: Pelipper|Hurricane|p2a: Electabuzz\n|-resisted|p2a: Electabuzz\n|-damage|p2a: Electabuzz|36\/100\n|-start|p2a: Electabuzz|confusion\n|move|p2b: Incineroar|Knock Off|p1a: Dragonite\n|-damage|p1a: Dragonite|0 fnt\n|-enditem|p1a: Dragonite|Loaded Dice|[from] move: Knock Off|[of] p2b: Incineroar\n|faint|p1a: Dragonite\n|\n|-weather|RainDance|[upkeep]\n|upkeep\n|\n|t:|1733362563\n|switch|p1a: Gholdengo|Gholdengo, L50|100\/100\n|turn|5\n|\n|t:|1733362580\n|-activate|p2a: Electabuzz|confusion\n|move|p2a: Electabuzz|Follow Me|p2a: Electabuzz\n|-singleturn|p2a: Electabuzz|move: Follow Me\n|move|p1a: Gholdengo|Shadow Ball|p2a: Electabuzz\n|-damage|p2a: Electabuzz|0 fnt\n|faint|p2a: Electabuzz\n|-damage|p1a: Gholdengo|91\/100|[from] item: Life Orb\n|move|p1b: Pelipper|Muddy Water|p2b: Incineroar\n|-damage|p2b: Incineroar|55\/100\n|move|p2b: Incineroar|Knock Off|p1a: Gholdengo\n|-supereffective|p1a: Gholdengo\n|-damage|p1a: Gholdengo|6\/100\n|-enditem|p1a: Gholdengo|Life Orb|[from] move: Knock Off|[of] p2b: Incineroar\n|\n|-weather|RainDance|[upkeep]\n|upkeep\n|\n|t:|1733362596\n|switch|p2a: Sinistcha|Sinistcha, L50|100\/100\n|-heal|p2b: Incineroar|80\/100|[from] ability: Hospitality|[of] p2a: Sinistcha\n|turn|6\n|\n|t:|1733362611\n|move|p1a: Gholdengo|Protect|p1a: Gholdengo\n|-singleturn|p1a: Gholdengo|Protect\n|move|p1b: Pelipper|Hurricane|p2a: Sinistcha\n|-supereffective|p2a: Sinistcha\n|-damage|p2a: Sinistcha|0 fnt\n|faint|p2a: Sinistcha\n|move|p2b: Incineroar|Knock Off|p1b: Pelipper\n|-damage|p1b: Pelipper|49\/100\n|-enditem|p1b: Pelipper|Focus Sash|[from] move: Knock Off|[of] p2b: Incineroar\n|\n|-weather|RainDance|[upkeep]\n|-sideend|p1: OUFR snakeburger|move: Tailwind\n|upkeep\n|turn|7\n|\n|t:|1733362629\n|move|p1a: Gholdengo|Shadow Ball|p2b: Incineroar\n|-supereffective|p2b: Incineroar\n|-damage|p2b: Incineroar|17\/100\n|-enditem|p2b: Incineroar|Sitrus Berry|[eat]\n|-heal|p2b: Incineroar|42\/100|[from] item: Sitrus Berry\n|move|p1b: Pelipper|Hurricane|p2b: Incineroar\n|-damage|p2b: Incineroar|9\/100\n|move|p2b: Incineroar|Knock Off|p1a: Gholdengo\n|-supereffective|p1a: Gholdengo\n|-damage|p1a: Gholdengo|0 fnt\n|faint|p1a: Gholdengo\n|\n|-weather|RainDance|[upkeep]\n|upkeep\n|turn|8\n|c|\u2606OUFR snakeburger|gg\n|c|\u2606futonkagebunshin|Gg\n|inactive|futonkagebunshin has 30 seconds left.\n|l| Wanshanmeiyangcui\n|c|\u2606futonkagebunshin|Were u haze at least?\n|inactive|futonkagebunshin has 20 seconds left.\n|inactive|futonkagebunshin has 15 seconds left.\n|\n|t:|1733362670\n|move|p1b: Pelipper|Hurricane|p2b: Incineroar\n|-damage|p2b: Incineroar|0 fnt\n|faint|p2b: Incineroar\n|\n|win|OUFR snakeburger\n|raw|OUFR snakeburger's rating: 1684 &rarr; <strong>1708<\/strong><br \/>(+24 for winning)\n|raw|futonkagebunshin's rating: 1752 &rarr; <strong>1728<\/strong><br \/>(-24 for losing)\n|c|\u2606OUFR snakeburger|on dragonite? yeah\n|c|\u2606futonkagebunshin|It make  mw feel better\n|l|\u2606OUFR snakeburger\n|player|p1|\n","uploadtime":1733362926,"views":11,"formatid":"gen9vgc2024regh","rating":1708,"private":0,"password":null}