{"id":"gen9vgc2024regh-2256635863","format":"[Gen 9] VGC 2024 Reg H","players":["Slackermaru","IsabellaPasquale"],"log":"|j|\u2606Slackermaru\n|j|\u2606IsabellaPasquale\n|t:|1733329674\n|gametype|doubles\n|player|p1|Slackermaru|workerice|1716\n|player|p2|IsabellaPasquale|gentleman-gen1|1758\n|teamsize|p1|6\n|teamsize|p2|6\n|gen|9\n|tier|[Gen 9] VGC 2024 Reg H\n|rated|\n|rule|Species Clause: Limit one of each Pok\u00e9mon\n|rule|Item Clause: Limit 1 of each item\n|clearpoke\n|poke|p1|Ursaluna, L50, F|\n|poke|p1|Porygon2, L50|\n|poke|p1|Incineroar, L50, F|\n|poke|p1|Vivillon-Fancy, L50, M|\n|poke|p1|Archaludon, L50, F|\n|poke|p1|Sneasler, L50, M|\n|poke|p2|Electabuzz, L50, F|\n|poke|p2|Archaludon, L50, F|\n|poke|p2|Ninetales-Alola, L50, F|\n|poke|p2|Rillaboom, L50, F|\n|poke|p2|Armarouge, L50, F|\n|poke|p2|Ursaluna-Bloodmoon, L50, M|\n|teampreview|4\n|\n|t:|1733329711\n|start\n|switch|p1a: Incineroar|Incineroar, L50, F|100\/100\n|switch|p1b: Vivillon|Vivillon-Fancy, L50, M|100\/100\n|switch|p2a: Ursaluna|Ursaluna-Bloodmoon, L50, M|100\/100\n|switch|p2b: Ninetales|Ninetales-Alola, L50, F|100\/100\n|-weather|Snow|[from] ability: Snow Warning|[of] p2b: Ninetales\n|-ability|p1a: Incineroar|Intimidate|boost\n|-unboost|p2a: Ursaluna|atk|1\n|-unboost|p2b: Ninetales|atk|1\n|turn|1\n|\n|t:|1733329730\n|-terastallize|p2a: Ursaluna|Ghost\n|move|p1a: Incineroar|Fake Out|p2b: Ninetales\n|-damage|p2b: Ninetales|89\/100\n|move|p2b: Ninetales|Icy Wind|p1a: Incineroar|[spread] p1a,p1b\n|-resisted|p1a: Incineroar\n|-supereffective|p1b: Vivillon\n|-damage|p1a: Incineroar|96\/100\n|-damage|p1b: Vivillon|35\/100\n|-unboost|p1a: Incineroar|spe|1\n|-unboost|p1b: Vivillon|spe|1\n|move|p2a: Ursaluna|Hyper Voice|p1a: Incineroar|[spread] p1a,p1b\n|-damage|p1a: Incineroar|70\/100\n|-damage|p1b: Vivillon|0 fnt\n|faint|p1b: Vivillon\n|-damage|p2a: Ursaluna|91\/100|[from] item: Life Orb\n|\n|-weather|Snow|[upkeep]\n|upkeep\n|\n|t:|1733329745\n|switch|p1b: Sneasler|Sneasler, L50, M|100\/100\n|turn|2\n|j| DittoTang\n|\n|t:|1733329761\n|-terastallize|p1a: Incineroar|Grass\n|move|p1b: Sneasler|Dire Claw|p2b: Ninetales\n|-supereffective|p2b: Ninetales\n|-damage|p2b: Ninetales|0 fnt\n|faint|p2b: Ninetales\n|-damage|p1b: Sneasler|91\/100|[from] item: Life Orb\n|move|p2a: Ursaluna|Earth Power|p1a: Incineroar\n|-resisted|p1a: Incineroar\n|-damage|p1a: Incineroar|53\/100\n|-damage|p2a: Ursaluna|81\/100|[from] item: Life Orb\n|move|p1a: Incineroar|Knock Off|p2a: Ursaluna\n|-supereffective|p2a: Ursaluna\n|-damage|p2a: Ursaluna|7\/100\n|-enditem|p2a: Ursaluna|Life Orb|[from] move: Knock Off|[of] p1a: Incineroar\n|\n|-weather|Snow|[upkeep]\n|upkeep\n|\n|t:|1733329778\n|switch|p2b: Armarouge|Armarouge, L50, F|100\/100\n|turn|3\n|j| mpudi\n|\n|t:|1733329806\n|move|p1b: Sneasler|Dire Claw|p2a: Ursaluna\n|-resisted|p2a: Ursaluna\n|-damage|p2a: Ursaluna|0 fnt\n|faint|p2a: Ursaluna\n|-damage|p1b: Sneasler|81\/100|[from] item: Life Orb\n|move|p2b: Armarouge|Armor Cannon|p1a: Incineroar\n|-supereffective|p1a: Incineroar\n|-damage|p1a: Incineroar|0 fnt\n|-unboost|p2b: Armarouge|def|1\n|-unboost|p2b: Armarouge|spd|1\n|faint|p1a: Incineroar\n|\n|-weather|Snow|[upkeep]\n|upkeep\n|\n|t:|1733329818\n|switch|p2a: Archaludon|Archaludon, L50, F|100\/100\n|switch|p1a: Archaludon|Archaludon, L50, F|100\/100\n|turn|4\n|\n|t:|1733329833\n|move|p1b: Sneasler|Protect|p1b: Sneasler\n|-singleturn|p1b: Sneasler|Protect\n|move|p2a: Archaludon|Protect|p2a: Archaludon\n|-singleturn|p2a: Archaludon|Protect\n|move|p1a: Archaludon|Electro Shot||[still]\n|-prepare|p1a: Archaludon|Electro Shot\n|-boost|p1a: Archaludon|spa|1\n|-enditem|p1a: Archaludon|Power Herb\n|-anim|p1a: Archaludon|Electro Shot|p2b: Armarouge\n|-damage|p2b: Armarouge|0 fnt\n|faint|p2b: Armarouge\n|\n|-weather|Snow|[upkeep]\n|upkeep\n|turn|5\n|-message|IsabellaPasquale forfeited.\n|\n|win|Slackermaru\n|raw|Slackermaru's rating: 1716 &rarr; <strong>1738<\/strong><br \/>(+22 for winning)\n|raw|IsabellaPasquale's rating: 1758 &rarr; <strong>1736<\/strong><br \/>(-22 for losing)\n|l|\u2606IsabellaPasquale\n|player|p2|\n|l|\u2606Slackermaru\n|player|p1|\n|l| DittoTang\n","uploadtime":1733330032,"views":7,"formatid":"gen9vgc2024regh","rating":1736,"private":0,"password":null}