{"id":"gen9vgc2024regh-2256775883","format":"[Gen 9] VGC 2024 Reg H","players":["insertable194","pys_max"],"log":"|j|\u2606insertable194\n|j|\u2606pys_max\n|t:|1733343000\n|gametype|doubles\n|player|p1|insertable194|hanbei-conquest|1702\n|player|p2|pys_max|170|1754\n|teamsize|p1|6\n|teamsize|p2|6\n|gen|9\n|tier|[Gen 9] VGC 2024 Reg H\n|rated|\n|rule|Species Clause: Limit one of each Pok\u00e9mon\n|rule|Item Clause: Limit 1 of each item\n|clearpoke\n|poke|p1|Smeargle, L50, M|\n|poke|p1|Farigiraf, L50, M|\n|poke|p1|Archaludon, L50, M|\n|poke|p1|Torkoal, L50, M|\n|poke|p1|Ursaluna-Bloodmoon, L50, M|\n|poke|p1|Annihilape, L50, M|\n|poke|p2|Chandelure, L50, F|\n|poke|p2|Ursaluna-Bloodmoon, L50, M|\n|poke|p2|Sneasler, L50, F|\n|poke|p2|Dragonite, L50, M|\n|poke|p2|Kingambit, L50, F|\n|poke|p2|Archaludon, L50, F|\n|teampreview|4\n|\n|t:|1733343044\n|start\n|switch|p1a: Smeargle|Smeargle, L50, M|100\/100\n|switch|p1b: Farigiraf|Farigiraf, L50, M|100\/100\n|switch|p2a: Chandelure|Chandelure, L50, F|100\/100\n|switch|p2b: Dragonite|Dragonite, L50, M|100\/100\n|turn|1\n|\n|t:|1733343057\n|move|p1a: Smeargle|Spore|p2a: Chandelure\n|-status|p2a: Chandelure|slp|[from] move: Spore\n|move|p2b: Dragonite|Scale Shot|p1a: Smeargle|[miss]\n|-miss|p2b: Dragonite|p1a: Smeargle\n|cant|p2a: Chandelure|slp\n|move|p1b: Farigiraf|Trick Room|p1b: Farigiraf\n|-fieldstart|move: Trick Room|[of] p1b: Farigiraf\n|\n|-ability|p1a: Smeargle|Moody|boost\n|-boost|p1a: Smeargle|spa|2\n|-unboost|p1a: Smeargle|spd|1\n|-enditem|p1a: Smeargle|Eject Pack\n|upkeep\n|\n|t:|1733343064\n|switch|p1a: Ursaluna|Ursaluna-Bloodmoon, L50, M|100\/100\n|turn|2\n|\n|t:|1733343078\n|-terastallize|p1a: Ursaluna|Normal\n|move|p2b: Dragonite|Protect|p2b: Dragonite\n|-singleturn|p2b: Dragonite|Protect\n|move|p1a: Ursaluna|Hyper Voice|p2a: Chandelure|[spread] p2a\n|-activate|p2b: Dragonite|move: Protect\n|-damage|p2a: Chandelure|43\/100 slp\n|-enditem|p2a: Chandelure|Sitrus Berry|[eat]\n|-heal|p2a: Chandelure|68\/100 slp|[from] item: Sitrus Berry\n|move|p1b: Farigiraf|Twin Beam|p2a: Chandelure\n|-damage|p2a: Chandelure|51\/100 slp\n|-damage|p2a: Chandelure|33\/100 slp\n|-hitcount|p2a: Chandelure|2\n|cant|p2a: Chandelure|slp\n|\n|upkeep\n|turn|3\n|\n|t:|1733343102\n|cant|p2a: Chandelure|slp\n|move|p1a: Ursaluna|Hyper Voice|p2a: Chandelure|[spread] p2a,p2b\n|-damage|p2a: Chandelure|0 fnt\n|-damage|p2b: Dragonite|71\/100\n|faint|p2a: Chandelure\n|move|p1b: Farigiraf|Twin Beam|p2b: Dragonite\n|-damage|p2b: Dragonite|53\/100\n|-damage|p2b: Dragonite|36\/100\n|-hitcount|p2b: Dragonite|2\n|move|p2b: Dragonite|Scale Shot|p1a: Ursaluna|[miss]\n|-miss|p2b: Dragonite|p1a: Ursaluna\n|\n|upkeep\n|\n|t:|1733343114\n|switch|p2a: Ursaluna|Ursaluna-Bloodmoon, L50, M|100\/100\n|turn|4\n|\n|t:|1733343123\n|move|p1b: Farigiraf|Helping Hand|p1a: Ursaluna\n|-singleturn|p1a: Ursaluna|Helping Hand|[of] p1b: Farigiraf\n|move|p2b: Dragonite|Protect|p2b: Dragonite\n|-singleturn|p2b: Dragonite|Protect\n|move|p1a: Ursaluna|Hyper Voice|p2b: Dragonite|[spread] p2a\n|-activate|p2b: Dragonite|move: Protect\n|-crit|p2a: Ursaluna\n|-damage|p2a: Ursaluna|11\/100\n|move|p2a: Ursaluna|Blood Moon|p1a: Ursaluna\n|-damage|p1a: Ursaluna|40\/100\n|\n|upkeep\n|turn|5\n|\n|t:|1733343143\n|switch|p1b: Smeargle|Smeargle, L50, M|100\/100\n|move|p2a: Ursaluna|Hyper Voice|p1b: Smeargle|[spread] p1a,p1b\n|-damage|p1a: Ursaluna|11\/100\n|-damage|p1b: Smeargle|22\/100\n|move|p1a: Ursaluna|Hyper Voice|p2b: Dragonite|[spread] p2a,p2b\n|-damage|p2a: Ursaluna|0 fnt\n|-damage|p2b: Dragonite|0 fnt\n|faint|p2a: Ursaluna\n|faint|p2b: Dragonite\n|\n|-fieldend|move: Trick Room\n|-ability|p1b: Smeargle|Moody|boost\n|-boost|p1b: Smeargle|spd|2\n|-unboost|p1b: Smeargle|atk|1\n|upkeep\n|-message|pys_max forfeited.\n|\n|win|insertable194\n|raw|insertable194's rating: 1716 &rarr; <strong>1738<\/strong><br \/>(+22 for winning)\n|raw|pys_max's rating: 1754 &rarr; <strong>1732<\/strong><br \/>(-22 for losing)\n|l|\u2606pys_max\n|player|p2|\n","uploadtime":1733343391,"views":24,"formatid":"gen9vgc2024regh","rating":1732,"private":0,"password":null}