{"id":"gen9vgc2024regh-2256883681","format":"[Gen 9] VGC 2024 Reg H","players":["yung elmers glue","chiitancrazymascot"],"log":"|j|\u2606yung elmers glue\n|j|\u2606chiitancrazymascot\n|t:|1733354603\n|gametype|doubles\n|player|p1|yung elmers glue|juan|1675\n|player|p2|chiitancrazymascot|pokemaniac|1818\n|teamsize|p1|6\n|teamsize|p2|6\n|gen|9\n|tier|[Gen 9] VGC 2024 Reg H\n|rated|\n|rule|Species Clause: Limit one of each Pok\u00e9mon\n|rule|Item Clause: Limit 1 of each item\n|clearpoke\n|poke|p1|Ursaluna-Bloodmoon, L50, M|\n|poke|p1|Talonflame, L50, F|\n|poke|p1|Indeedee, L50, M|\n|poke|p1|Sneasler, L50, F|\n|poke|p1|Dondozo, L50, F|\n|poke|p1|Tatsugiri, L50, M|\n|poke|p2|Annihilape, L50, M|\n|poke|p2|Dondozo, L50, F|\n|poke|p2|Maushold-Four, L50|\n|poke|p2|Gholdengo, L50|\n|poke|p2|Whimsicott, L50, M|\n|poke|p2|Tatsugiri, L50, F|\n|teampreview|4\n|inactive|Battle timer is ON: inactive players will automatically lose when time's up. (requested by chiitancrazymascot)\n|\n|t:|1733354620\n|start\n|switch|p1a: Sneasler|Sneasler, L50, F|100\/100\n|switch|p1b: Indeedee|Indeedee, L50, M|100\/100\n|switch|p2a: Maushold|Maushold-Four, L50|100\/100\n|switch|p2b: Gholdengo|Gholdengo, L50, shiny|100\/100\n|-fieldstart|move: Psychic Terrain|[from] ability: Psychic Surge|[of] p1b: Indeedee\n|-enditem|p1a: Sneasler|Psychic Seed\n|-boost|p1a: Sneasler|spd|1|[from] item: Psychic Seed\n|turn|1\n|\n|t:|1733354626\n|-terastallize|p1a: Sneasler|Dark\n|move|p2a: Maushold|Follow Me|p2a: Maushold\n|-singleturn|p2a: Maushold|move: Follow Me\n|move|p1a: Sneasler|Throat Chop|p2a: Maushold\n|-crit|p2a: Maushold\n|-damage|p2a: Maushold|8\/100\n|-start|p2a: Maushold|Throat Chop|[silent]\n|move|p1b: Indeedee|Expanding Force|p2a: Maushold|[spread] p2a,p2b\n|-resisted|p2b: Gholdengo\n|-crit|p2b: Gholdengo\n|-damage|p2a: Maushold|0 fnt\n|-damage|p2b: Gholdengo|65\/100\n|faint|p2a: Maushold\n|move|p2b: Gholdengo|Make It Rain|p1b: Indeedee|[spread] p1a,p1b\n|-crit|p1b: Indeedee\n|-damage|p1a: Sneasler|33\/100\n|-enditem|p1b: Indeedee|Focus Sash\n|-damage|p1b: Indeedee|1\/100\n|-unboost|p2b: Gholdengo|spa|1\n|\n|upkeep\n|\n|t:|1733354634\n|switch|p2a: Dondozo|Dondozo, L50, F, shiny|100\/100\n|turn|2\n|\n|t:|1733354640\n|switch|p2b: Tatsugiri|Tatsugiri, L50, F, shiny|100\/100\n|-activate|p2b: Tatsugiri|ability: Commander|[of] p2a: Dondozo\n|-boost|p2a: Dondozo|atk|2\n|-boost|p2a: Dondozo|spa|2\n|-boost|p2a: Dondozo|spe|2\n|-boost|p2a: Dondozo|def|2\n|-boost|p2a: Dondozo|spd|2\n|move|p1a: Sneasler|Protect|p1a: Sneasler\n|-singleturn|p1a: Sneasler|Protect\n|move|p1b: Indeedee|Protect|p1b: Indeedee\n|-singleturn|p1b: Indeedee|Protect\n|move|p2a: Dondozo|Order Up|p1a: Sneasler\n|-activate|p1a: Sneasler|move: Protect\n|\n|upkeep\n|turn|3\n|\n|t:|1733354649\n|switch|p1b: Dondozo|Dondozo, L50, F|100\/100\n|move|p1a: Sneasler|Dire Claw|p2a: Dondozo\n|-damage|p2a: Dondozo|84\/100\n|move|p2a: Dondozo|Order Up|p1a: Sneasler\n|-damage|p1a: Sneasler|0 fnt\n|faint|p1a: Sneasler\n|-boost|p2a: Dondozo|atk|1\n|\n|-heal|p2a: Dondozo|90\/100|[from] item: Leftovers\n|upkeep\n|\n|t:|1733354658\n|switch|p1a: Tatsugiri|Tatsugiri, L50, M|100\/100\n|-activate|p1a: Tatsugiri|ability: Commander|[of] p1b: Dondozo\n|-boost|p1b: Dondozo|atk|2\n|-boost|p1b: Dondozo|spa|2\n|-boost|p1b: Dondozo|spe|2\n|-boost|p1b: Dondozo|def|2\n|-boost|p1b: Dondozo|spd|2\n|turn|4\n|\n|t:|1733354663\n|move|p2a: Dondozo|Protect|p2a: Dondozo\n|-singleturn|p2a: Dondozo|Protect\n|move|p1b: Dondozo|Earthquake|p2b: Tatsugiri|[spread] \n|-miss|p1b: Dondozo|p1a: Tatsugiri\n|-miss|p1b: Dondozo|p2b: Tatsugiri\n|-activate|p2a: Dondozo|move: Protect\n|\n|-heal|p2a: Dondozo|96\/100|[from] item: Leftovers\n|upkeep\n|turn|5\n|\n|t:|1733354666\n|-terastallize|p2a: Dondozo|Grass\n|move|p1b: Dondozo|Earthquake|p2a: Dondozo|[spread] p2a\n|-miss|p1b: Dondozo|p1a: Tatsugiri\n|-miss|p1b: Dondozo|p2b: Tatsugiri\n|-resisted|p2a: Dondozo\n|-damage|p2a: Dondozo|89\/100\n|move|p2a: Dondozo|Tera Blast|p1b: Dondozo|[anim] Tera Blast Grass\n|-supereffective|p1b: Dondozo\n|-damage|p1b: Dondozo|50\/100\n|\n|-heal|p1b: Dondozo|56\/100|[from] item: Leftovers\n|-heal|p2a: Dondozo|95\/100|[from] item: Leftovers\n|-fieldend|move: Psychic Terrain\n|upkeep\n|turn|6\n|\n|t:|1733354670\n|move|p1b: Dondozo|Earthquake|p2a: Dondozo|[spread] p2a\n|-miss|p1b: Dondozo|p1a: Tatsugiri\n|-miss|p1b: Dondozo|p2b: Tatsugiri\n|-resisted|p2a: Dondozo\n|-damage|p2a: Dondozo|88\/100\n|move|p2a: Dondozo|Tera Blast|p1b: Dondozo|[anim] Tera Blast Grass\n|-supereffective|p1b: Dondozo\n|-damage|p1b: Dondozo|4\/100\n|\n|-heal|p1b: Dondozo|10\/100|[from] item: Leftovers\n|-heal|p2a: Dondozo|95\/100|[from] item: Leftovers\n|upkeep\n|turn|7\n|\n|t:|1733354674\n|move|p1b: Dondozo|Earthquake|p2a: Dondozo|[spread] p2a\n|-miss|p1b: Dondozo|p1a: Tatsugiri\n|-miss|p1b: Dondozo|p2b: Tatsugiri\n|-resisted|p2a: Dondozo\n|-damage|p2a: Dondozo|87\/100\n|move|p2a: Dondozo|Order Up|p1b: Dondozo\n|-damage|p1b: Dondozo|0 fnt\n|faint|p1b: Dondozo\n|-boost|p2a: Dondozo|atk|1\n|\n|-heal|p2a: Dondozo|93\/100|[from] item: Leftovers\n|upkeep\n|\n|t:|1733354676\n|switch|p1b: Indeedee|Indeedee, L50, M|1\/100\n|-fieldstart|move: Psychic Terrain|[from] ability: Psychic Surge|[of] p1b: Indeedee\n|turn|8\n|\n|t:|1733354680\n|move|p1a: Tatsugiri|Icy Wind|p2b: Tatsugiri|[spread] p2a\n|-miss|p1a: Tatsugiri|p2b: Tatsugiri\n|-supereffective|p2a: Dondozo\n|-damage|p2a: Dondozo|79\/100\n|-unboost|p2a: Dondozo|spe|1\n|move|p1b: Indeedee|Expanding Force|p2b: Tatsugiri|[spread] p2a\n|-miss|p1b: Indeedee|p2b: Tatsugiri\n|-damage|p2a: Dondozo|52\/100\n|move|p2a: Dondozo|Order Up|p1b: Indeedee\n|-damage|p1b: Indeedee|0 fnt\n|faint|p1b: Indeedee\n|-boost|p2a: Dondozo|atk|1\n|\n|-heal|p2a: Dondozo|59\/100|[from] item: Leftovers\n|upkeep\n|turn|9\n|\n|t:|1733354689\n|move|p1a: Tatsugiri|Icy Wind|p2b: Tatsugiri|[spread] p2a\n|-miss|p1a: Tatsugiri|p2b: Tatsugiri\n|-supereffective|p2a: Dondozo\n|-damage|p2a: Dondozo|43\/100\n|-unboost|p2a: Dondozo|spe|1\n|move|p2a: Dondozo|Order Up|p1a: Tatsugiri\n|-supereffective|p1a: Tatsugiri\n|-damage|p1a: Tatsugiri|0 fnt\n|faint|p1a: Tatsugiri\n|\n|win|chiitancrazymascot\n|raw|yung elmers glue's rating: 1675 &rarr; <strong>1663<\/strong><br \/>(-12 for losing)\n|raw|chiitancrazymascot's rating: 1818 &rarr; <strong>1830<\/strong><br \/>(+12 for winning)\n|l|\u2606yung elmers glue\n|player|p1|\n|l|\u2606chiitancrazymascot\n|player|p2|\n","uploadtime":1733354915,"views":19,"formatid":"gen9vgc2024regh","rating":1663,"private":0,"password":null}