{"id":"gen9vgc2024regh-2256541391","format":"[Gen 9] VGC 2024 Reg H","players":["Kronicler","IsabellaPasquale"],"log":"|j|\u2606Kronicler\n|j|\u2606IsabellaPasquale\n|t:|1733319781\n|gametype|doubles\n|player|p1|Kronicler|yellow|1704\n|player|p2|IsabellaPasquale|gentleman-gen1|1720\n|teamsize|p1|6\n|teamsize|p2|6\n|gen|9\n|tier|[Gen 9] VGC 2024 Reg H\n|rated|\n|rule|Species Clause: Limit one of each Pok\u00e9mon\n|rule|Item Clause: Limit 1 of each item\n|clearpoke\n|poke|p1|Gengar, L50, M|\n|poke|p1|Volcarona, L50, M|\n|poke|p1|Rillaboom, L50, F|\n|poke|p1|Bisharp, L50, M|\n|poke|p1|Primarina, L50, M|\n|poke|p1|Gothitelle, L50, F|\n|poke|p2|Electabuzz, L50, M|\n|poke|p2|Archaludon, L50, M|\n|poke|p2|Ninetales-Alola, L50, F|\n|poke|p2|Rillaboom, L50, M|\n|poke|p2|Armarouge, L50, F|\n|poke|p2|Ursaluna-Bloodmoon, L50, M|\n|teampreview|4\n|inactive|Battle timer is ON: inactive players will automatically lose when time's up. (requested by Kronicler)\nKronicler rejected open team sheets.\n|inactive|Kronicler has 60 seconds left.\n|inactive|IsabellaPasquale has 60 seconds left.\n|\n|t:|1733319833\n|start\n|switch|p1a: Volcarona|Volcarona, L50, M|100\/100\n|switch|p1b: Gengar|Gengar, L50, M|100\/100\n|switch|p2a: Ninetales|Ninetales-Alola, L50, F|100\/100\n|switch|p2b: Ursaluna|Ursaluna-Bloodmoon, L50, M|100\/100\n|-weather|Snow|[from] ability: Snow Warning|[of] p2a: Ninetales\n|turn|1\n|\n|t:|1733319849\n|-terastallize|p2a: Ninetales|Fire\n|move|p1b: Gengar|Icy Wind|p2a: Ninetales|[spread] p2a,p2b\n|-resisted|p2a: Ninetales\n|-supereffective|p2b: Ursaluna\n|-damage|p2a: Ninetales|91\/100\n|-damage|p2b: Ursaluna|61\/100\n|-unboost|p2b: Ursaluna|spe|1\n|move|p2a: Ninetales|Icy Wind|p1a: Volcarona|[spread] p1a,p1b\n|-resisted|p1a: Volcarona\n|-damage|p1a: Volcarona|93\/100\n|-damage|p1b: Gengar|76\/100\n|-unboost|p1a: Volcarona|spe|1\n|-unboost|p1b: Gengar|spe|1\n|move|p1a: Volcarona|Heat Wave|p2b: Ursaluna|[spread] p2a,p2b\n|-resisted|p2a: Ninetales\n|-damage|p2a: Ninetales|63\/100\n|-damage|p2b: Ursaluna|0 fnt\n|faint|p2b: Ursaluna\n|-damage|p1a: Volcarona|83\/100|[from] item: Life Orb\n|\n|-weather|Snow|[upkeep]\n|upkeep\n|\n|t:|1733319866\n|switch|p2b: Armarouge|Armarouge, L50, F|100\/100\n|turn|2\n|inactive|Kronicler has 30 seconds left.\n|\n|t:|1733319897\n|switch|p1b: Bisharp|Bisharp, L50, M|100\/100\n|move|p2a: Ninetales|Icy Wind|p1b: Bisharp|[spread] p1a,p1b\n|-resisted|p1a: Volcarona\n|-resisted|p1b: Bisharp\n|-damage|p1a: Volcarona|75\/100\n|-damage|p1b: Bisharp|91\/100\n|-unboost|p1a: Volcarona|spe|1\n|-unboost|p1b: Bisharp|spe|1\n|-ability|p1b: Bisharp|Defiant|boost\n|-boost|p1b: Bisharp|atk|2\n|move|p2b: Armarouge|Heat Wave|p1b: Bisharp|[spread] p1b\n|-miss|p2b: Armarouge|p1a: Volcarona\n|-supereffective|p1b: Bisharp\n|-damage|p1b: Bisharp|6\/100\n|move|p1a: Volcarona|Bug Buzz|p2b: Armarouge\n|-damage|p2b: Armarouge|33\/100\n|-enditem|p2b: Armarouge|Sitrus Berry|[eat]\n|-heal|p2b: Armarouge|58\/100|[from] item: Sitrus Berry\n|-damage|p1a: Volcarona|65\/100|[from] item: Life Orb\n|\n|-weather|Snow|[upkeep]\n|upkeep\n|turn|3\n|inactive|Kronicler has 30 seconds left.\n|inactive|IsabellaPasquale has 30 seconds left.\n|inactive|Kronicler has 20 seconds left.\n|inactive|IsabellaPasquale has 20 seconds left.\n|\n|t:|1733319935\n|switch|p2b: Rillaboom|Rillaboom, L50, M|100\/100\n|-fieldstart|move: Grassy Terrain|[from] ability: Grassy Surge|[of] p2b: Rillaboom\n|switch|p1a: Gengar|Gengar, L50, M|76\/100\n|move|p1b: Bisharp|Sucker Punch||[still]\n|-fail|p1b: Bisharp\n|move|p2a: Ninetales|Blizzard|p1a: Gengar|[spread] p1a,p1b\n|-resisted|p1b: Bisharp\n|-damage|p1a: Gengar|27\/100\n|-damage|p1b: Bisharp|0 fnt\n|faint|p1b: Bisharp\n|\n|-weather|Snow|[upkeep]\n|-heal|p1a: Gengar|33\/100|[from] Grassy Terrain\n|-heal|p2a: Ninetales|69\/100|[from] Grassy Terrain\n|upkeep\n|\n|t:|1733319949\n|switch|p1b: Volcarona|Volcarona, L50, M|65\/100\n|turn|4\n|\n|t:|1733319970\n|move|p1b: Volcarona|Protect|p1b: Volcarona\n|-singleturn|p1b: Volcarona|Protect\n|move|p2b: Rillaboom|Grassy Glide|p1a: Gengar\n|-resisted|p1a: Gengar\n|-damage|p1a: Gengar|0 fnt\n|-start|p2b: Rillaboom|Disable|Grassy Glide|[from] ability: Cursed Body|[of] p1a: Gengar\n|faint|p1a: Gengar\n|move|p2a: Ninetales|Icy Wind|p1b: Volcarona\n|-activate|p1b: Volcarona|move: Protect\n|\n|-weather|Snow|[upkeep]\n|-heal|p2a: Ninetales|75\/100|[from] Grassy Terrain\n|-heal|p1b: Volcarona|71\/100|[from] Grassy Terrain\n|upkeep\n|\n|t:|1733319977\n|switch|p1a: Primarina|Primarina, L50, M|100\/100\n|turn|5\n|\n|t:|1733320001\n|-terastallize|p1a: Primarina|Grass\n|move|p2a: Ninetales|Encore|p1b: Volcarona\n|-start|p1b: Volcarona|Encore\n|move|p1b: Volcarona|Protect||[still]\n|-fail|p1b: Volcarona\n|move|p2b: Rillaboom|Wood Hammer|p1a: Primarina\n|-resisted|p1a: Primarina\n|-damage|p1a: Primarina|46\/100\n|-damage|p2b: Rillaboom|83\/100|[from] Recoil\n|move|p1a: Primarina|Hyper Voice|p2b: Rillaboom|[spread] p2a,p2b\n|-supereffective|p2a: Ninetales\n|-crit|p2a: Ninetales\n|-resisted|p2b: Rillaboom\n|-damage|p2a: Ninetales|0 fnt\n|-damage|p2b: Rillaboom|70\/100\n|faint|p2a: Ninetales\n|\n|-weather|none\n|-heal|p1b: Volcarona|78\/100|[from] Grassy Terrain\n|-heal|p2b: Rillaboom|76\/100|[from] Grassy Terrain\n|-heal|p1a: Primarina|52\/100|[from] Grassy Terrain\n|upkeep\n|\n|t:|1733320012\n|switch|p2a: Armarouge|Armarouge, L50, F|58\/100\n|turn|6\n|\n|t:|1733320021\n|move|p1b: Volcarona|Protect|p1b: Volcarona\n|-singleturn|p1b: Volcarona|Protect\n|move|p1a: Primarina|Protect|p1a: Primarina\n|-singleturn|p1a: Primarina|Protect\n|move|p2b: Rillaboom|Wood Hammer|p1a: Primarina\n|-activate|p1a: Primarina|move: Protect\n|move|p2a: Armarouge|Heat Wave|p1a: Primarina|[spread] \n|-activate|p1a: Primarina|move: Protect\n|-activate|p1b: Volcarona|move: Protect\n|\n|-heal|p1b: Volcarona|84\/100|[from] Grassy Terrain\n|-heal|p2b: Rillaboom|82\/100|[from] Grassy Terrain\n|-heal|p2a: Armarouge|65\/100|[from] Grassy Terrain\n|-heal|p1a: Primarina|58\/100|[from] Grassy Terrain\n|upkeep\n|turn|7\n|\n|t:|1733320036\n|move|p1b: Volcarona|Protect||[still]\n|-fail|p1b: Volcarona\n|move|p1a: Primarina|Protect||[still]\n|-fail|p1a: Primarina\n|move|p2b: Rillaboom|Wood Hammer|p1a: Primarina\n|-resisted|p1a: Primarina\n|-damage|p1a: Primarina|7\/100\n|-enditem|p1a: Primarina|Wiki Berry|[eat]\n|-heal|p1a: Primarina|41\/100|[from] item: Wiki Berry\n|-damage|p2b: Rillaboom|66\/100|[from] Recoil\n|move|p2a: Armarouge|Heat Wave|p1b: Volcarona|[spread] p1a,p1b\n|-supereffective|p1a: Primarina\n|-damage|p1a: Primarina|0 fnt\n|-damage|p1b: Volcarona|41\/100\n|faint|p1a: Primarina\n|\n|-heal|p1b: Volcarona|47\/100|[from] Grassy Terrain\n|-heal|p2b: Rillaboom|72\/100|[from] Grassy Terrain\n|-heal|p2a: Armarouge|71\/100|[from] Grassy Terrain\n|-end|p1b: Volcarona|Encore\n|-end|p2b: Rillaboom|Disable\n|-fieldend|move: Grassy Terrain\n|upkeep\n|turn|8\n|-message|Kronicler forfeited.\n|\n|win|IsabellaPasquale\n|raw|Kronicler's rating: 1704 &rarr; <strong>1685<\/strong><br \/>(-19 for losing)\n|raw|IsabellaPasquale's rating: 1720 &rarr; <strong>1739<\/strong><br \/>(+19 for winning)\n|l|\u2606Kronicler\n|player|p1|\n","uploadtime":1733320226,"views":17,"formatid":"gen9vgc2024regh","rating":1685,"private":0,"password":null}