{"id":"gen9vgc2024regh-2256619851","format":"[Gen 9] VGC 2024 Reg H","players":["freeeds","CarryTheBoats"],"log":"|j|\u2606freeeds\n|j|\u2606CarryTheBoats\n|t:|1733328122\n|gametype|doubles\n|player|p1|freeeds|cynthia|1772\n|player|p2|CarryTheBoats|crasherwake|1731\n|teamsize|p1|6\n|teamsize|p2|6\n|gen|9\n|tier|[Gen 9] VGC 2024 Reg H\n|rated|\n|rule|Species Clause: Limit one of each Pok\u00e9mon\n|rule|Item Clause: Limit 1 of each item\n|clearpoke\n|poke|p1|Milotic, L50, M|\n|poke|p1|Tyranitar, L50, F|\n|poke|p1|Talonflame, L50, F|\n|poke|p1|Garchomp, L50, M|\n|poke|p1|Amoonguss, L50, F|\n|poke|p1|Gholdengo, L50|\n|poke|p2|Archaludon, L50, F|\n|poke|p2|Pelipper, L50, M|\n|poke|p2|Amoonguss, L50, F|\n|poke|p2|Incineroar, L50, F|\n|poke|p2|Basculegion, L50, M|\n|poke|p2|Dragonite, L50, M|\n|teampreview|4\n|\n|t:|1733328175\n|start\n|switch|p1a: Tyranitar|Tyranitar, L50, F|100\/100\n|switch|p1b: Milotic|Milotic, L50, M|100\/100\n|switch|p2a: Incineroar|Incineroar, L50, F, shiny|100\/100\n|switch|p2b: Archaludon|Archaludon, L50, F, shiny|100\/100\n|-ability|p2a: Incineroar|Intimidate|boost\n|-unboost|p1a: Tyranitar|atk|1\n|-unboost|p1b: Milotic|atk|1\n|-ability|p1b: Milotic|Competitive|boost\n|-boost|p1b: Milotic|spa|2\n|-weather|Sandstorm|[from] ability: Sand Stream|[of] p1a: Tyranitar\n|turn|1\n|j| Volcarontic\n|\n|t:|1733328209\n|switch|p1a: Garchomp|Garchomp, L50, M|100\/100\n|-terastallize|p1b: Milotic|Dragon\n|move|p2a: Incineroar|Fake Out|p1b: Milotic\n|-damage|p1b: Milotic|89\/100\n|move|p2b: Archaludon|Dragon Pulse|p1b: Milotic\n|-supereffective|p1b: Milotic\n|-damage|p1b: Milotic|32\/100\n|cant|p1b: Milotic|flinch\n|\n|-weather|Sandstorm|[upkeep]\n|upkeep\n|turn|2\n|\n|t:|1733328267\n|switch|p2a: Pelipper|Pelipper, L50, M|100\/100\n|-weather|RainDance|[from] ability: Drizzle|[of] p2a: Pelipper\n|-terastallize|p2b: Archaludon|Bug\n|move|p1a: Garchomp|Dragon Claw|p2a: Pelipper\n|-damage|p2a: Pelipper|30\/100\n|-damage|p1a: Garchomp|91\/100|[from] item: Life Orb\n|move|p2b: Archaludon|Dragon Pulse|p1b: Milotic\n|-supereffective|p1b: Milotic\n|-damage|p1b: Milotic|0 fnt\n|faint|p1b: Milotic\n|\n|-weather|RainDance|[upkeep]\n|upkeep\n|j| Kpxbrothers\n|\n|t:|1733328281\n|switch|p1b: Tyranitar|Tyranitar, L50, F|100\/100\n|-weather|Sandstorm|[from] ability: Sand Stream|[of] p1b: Tyranitar\n|turn|3\n|\n|t:|1733328308\n|switch|p1a: Amoonguss|Amoonguss, L50, F|100\/100\n|switch|p2a: Incineroar|Incineroar, L50, F, shiny|100\/100\n|-ability|p2a: Incineroar|Intimidate|boost\n|-unboost|p1a: Amoonguss|atk|1\n|-unboost|p1b: Tyranitar|atk|1\n|move|p2b: Archaludon|Dragon Pulse|p1a: Amoonguss\n|-damage|p1a: Amoonguss|64\/100\n|move|p1b: Tyranitar|Rock Slide|p2b: Archaludon|[spread] p2a,p2b\n|-supereffective|p2a: Incineroar\n|-supereffective|p2b: Archaludon\n|-damage|p2a: Incineroar|55\/100\n|-damage|p2b: Archaludon|70\/100\n|-ability|p2b: Archaludon|Stamina|boost\n|-boost|p2b: Archaludon|def|1\n|\n|-weather|Sandstorm|[upkeep]\n|-damage|p2b: Archaludon|64\/100|[from] Sandstorm\n|-damage|p1a: Amoonguss|58\/100|[from] Sandstorm\n|upkeep\n|turn|4\n|\n|t:|1733328331\n|switch|p1b: Garchomp|Garchomp, L50, M|91\/100\n|move|p1a: Amoonguss|Protect|p1a: Amoonguss\n|-singleturn|p1a: Amoonguss|Protect\n|move|p2b: Archaludon|Dragon Pulse|p1a: Amoonguss\n|-activate|p1a: Amoonguss|move: Protect\n|move|p2a: Incineroar|Flare Blitz|p1a: Amoonguss\n|-activate|p1a: Amoonguss|move: Protect\n|\n|-weather|Sandstorm|[upkeep]\n|-damage|p2b: Archaludon|58\/100|[from] Sandstorm\n|-damage|p1a: Amoonguss|52\/100|[from] Sandstorm\n|upkeep\n|turn|5\n|\n|t:|1733328346\n|switch|p2a: Pelipper|Pelipper, L50, M|30\/100\n|-weather|RainDance|[from] ability: Drizzle|[of] p2a: Pelipper\n|move|p1b: Garchomp|Protect|p1b: Garchomp\n|-singleturn|p1b: Garchomp|Protect\n|move|p2b: Archaludon|Dragon Pulse|p1b: Garchomp\n|-activate|p1b: Garchomp|move: Protect\n|move|p1a: Amoonguss|Spore|p2b: Archaludon\n|-status|p2b: Archaludon|slp|[from] move: Spore\n|\n|-weather|RainDance|[upkeep]\n|upkeep\n|turn|6\n|\n|t:|1733328357\n|switch|p2a: Incineroar|Incineroar, L50, F, shiny|55\/100\n|-ability|p2a: Incineroar|Intimidate|boost\n|-unboost|p1a: Amoonguss|atk|1\n|-unboost|p1b: Garchomp|atk|1\n|switch|p1a: Tyranitar|Tyranitar, L50, F|100\/100\n|-weather|Sandstorm|[from] ability: Sand Stream|[of] p1a: Tyranitar\n|move|p1b: Garchomp|Dragon Claw|p2a: Incineroar\n|-damage|p2a: Incineroar|18\/100\n|-damage|p1b: Garchomp|81\/100|[from] item: Life Orb\n|cant|p2b: Archaludon|slp\n|\n|-weather|Sandstorm|[upkeep]\n|-damage|p2b: Archaludon|52\/100 slp|[from] Sandstorm\n|upkeep\n|turn|7\n|\n|t:|1733328380\n|switch|p2a: Pelipper|Pelipper, L50, M|30\/100\n|-weather|RainDance|[from] ability: Drizzle|[of] p2a: Pelipper\n|move|p1b: Garchomp|Dragon Claw|p2b: Archaludon\n|-damage|p2b: Archaludon|36\/100 slp\n|-ability|p2b: Archaludon|Stamina|boost\n|-boost|p2b: Archaludon|def|1\n|-damage|p1b: Garchomp|71\/100|[from] item: Life Orb\n|cant|p2b: Archaludon|slp\n|move|p1a: Tyranitar|Rock Slide|p2b: Archaludon|[spread] p2b\n|-miss|p1a: Tyranitar|p2a: Pelipper\n|-supereffective|p2b: Archaludon\n|-damage|p2b: Archaludon|11\/100 slp\n|-ability|p2b: Archaludon|Stamina|boost\n|-boost|p2b: Archaludon|def|1\n|\n|-weather|RainDance|[upkeep]\n|upkeep\n|turn|8\n|\n|t:|1733328411\n|switch|p1a: Amoonguss|Amoonguss, L50, F|85\/100\n|move|p1b: Garchomp|Dragon Claw|p2a: Pelipper\n|-damage|p2a: Pelipper|0 fnt\n|faint|p2a: Pelipper\n|-damage|p1b: Garchomp|61\/100|[from] item: Life Orb\n|cant|p2b: Archaludon|slp\n|\n|-weather|RainDance|[upkeep]\n|upkeep\n|\n|t:|1733328416\n|switch|p2a: Dragonite|Dragonite, L50, M|100\/100\n|turn|9\n|\n|t:|1733328446\n|move|p1b: Garchomp|Dragon Claw|p2a: Dragonite\n|-supereffective|p2a: Dragonite\n|-damage|p2a: Dragonite|63\/100\n|-damage|p1b: Garchomp|51\/100|[from] item: Life Orb\n|move|p2a: Dragonite|Scale Shot|p1a: Amoonguss\n|-damage|p1a: Amoonguss|74\/100\n|-damage|p1a: Amoonguss|62\/100\n|-damage|p1a: Amoonguss|50\/100\n|-enditem|p1a: Amoonguss|Sitrus Berry|[eat]\n|-heal|p1a: Amoonguss|75\/100|[from] item: Sitrus Berry\n|-damage|p1a: Amoonguss|62\/100\n|-damage|p1a: Amoonguss|50\/100\n|-hitcount|p1a: Amoonguss|5\n|-unboost|p2a: Dragonite|def|1\n|-boost|p2a: Dragonite|spe|1\n|-curestatus|p2b: Archaludon|slp|[msg]\n|move|p2b: Archaludon|Dragon Pulse|p1a: Amoonguss\n|-damage|p1a: Amoonguss|12\/100\n|move|p1a: Amoonguss|Spore|p2b: Archaludon\n|-status|p2b: Archaludon|slp|[from] move: Spore\n|\n|-weather|RainDance|[upkeep]\n|upkeep\n|turn|10\n|\n|t:|1733328471\n|move|p2a: Dragonite|Protect|p2a: Dragonite\n|-singleturn|p2a: Dragonite|Protect\n|move|p1b: Garchomp|Dragon Claw|p2b: Archaludon\n|-damage|p2b: Archaludon|0 fnt\n|faint|p2b: Archaludon\n|-damage|p1b: Garchomp|41\/100|[from] item: Life Orb\n|move|p1a: Amoonguss|Spore|p2a: Dragonite\n|-activate|p2a: Dragonite|move: Protect\n|\n|-weather|RainDance|[upkeep]\n|upkeep\n|l| Volcarontic\n|\n|t:|1733328476\n|switch|p2b: Incineroar|Incineroar, L50, F, shiny|18\/100\n|-ability|p2b: Incineroar|Intimidate|boost\n|-unboost|p1a: Amoonguss|atk|1\n|-unboost|p1b: Garchomp|atk|1\n|turn|11\n|\n|t:|1733328495\n|move|p1b: Garchomp|Protect|p1b: Garchomp\n|-singleturn|p1b: Garchomp|Protect\n|move|p1a: Amoonguss|Protect|p1a: Amoonguss\n|-singleturn|p1a: Amoonguss|Protect\n|move|p2b: Incineroar|Fake Out|p1a: Amoonguss\n|-activate|p1a: Amoonguss|move: Protect\n|move|p2a: Dragonite|Scale Shot|p1b: Garchomp\n|-activate|p1b: Garchomp|move: Protect\n|\n|-weather|none\n|upkeep\n|turn|12\n|\n|t:|1733328513\n|move|p1a: Amoonguss|Rage Powder|p1a: Amoonguss\n|-singleturn|p1a: Amoonguss|move: Rage Powder\n|move|p2a: Dragonite|Stomping Tantrum|p1a: Amoonguss\n|-damage|p1a: Amoonguss|0 fnt\n|faint|p1a: Amoonguss\n|move|p1b: Garchomp|Dragon Claw|p2b: Incineroar\n|-damage|p2b: Incineroar|0 fnt\n|faint|p2b: Incineroar\n|-damage|p1b: Garchomp|32\/100|[from] item: Life Orb\n|\n|upkeep\n|\n|t:|1733328515\n|switch|p1a: Tyranitar|Tyranitar, L50, F|100\/100\n|-weather|Sandstorm|[from] ability: Sand Stream|[of] p1a: Tyranitar\n|turn|13\n|\n|t:|1733328519\n|move|p2a: Dragonite|Stomping Tantrum|p1a: Tyranitar\n|-supereffective|p1a: Tyranitar\n|-damage|p1a: Tyranitar|52\/100\n|move|p1b: Garchomp|Dragon Claw|p2a: Dragonite\n|-supereffective|p2a: Dragonite\n|-damage|p2a: Dragonite|0 fnt\n|faint|p2a: Dragonite\n|-damage|p1b: Garchomp|22\/100|[from] item: Life Orb\n|\n|win|freeeds\n|raw|freeeds's rating: 1772 &rarr; <strong>1790<\/strong><br \/>(+18 for winning)\n|raw|CarryTheBoats's rating: 1731 &rarr; <strong>1713<\/strong><br \/>(-18 for losing)\n|l|\u2606CarryTheBoats\n|player|p2|\n|l|\u2606freeeds\n|player|p1|\n","uploadtime":1733328773,"views":20,"formatid":"gen9vgc2024regh","rating":1713,"private":0,"password":null}