{"id":"gen9vgc2024regh-2256596468","format":"[Gen 9] VGC 2024 Reg H","players":["Djjwjwwjj","freeeds"],"log":"|j|\u2606Djjwjwwjj\n|j|\u2606freeeds\n|t:|1733325812\n|gametype|doubles\n|player|p1|Djjwjwwjj|265|1688\n|player|p2|freeeds|cynthia|1724\n|teamsize|p1|6\n|teamsize|p2|6\n|gen|9\n|tier|[Gen 9] VGC 2024 Reg H\n|rated|\n|rule|Species Clause: Limit one of each Pok\u00e9mon\n|rule|Item Clause: Limit 1 of each item\n|clearpoke\n|poke|p1|Palafin, L50, F|\n|poke|p1|Rillaboom, L50, M|\n|poke|p1|Pelipper, L50, F|\n|poke|p1|Electabuzz, L50, M|\n|poke|p1|Gholdengo, L50|\n|poke|p1|Incineroar, L50, M|\n|poke|p2|Milotic, L50, F|\n|poke|p2|Tyranitar, L50, F|\n|poke|p2|Talonflame, L50, F|\n|poke|p2|Garchomp, L50, M|\n|poke|p2|Amoonguss, L50, M|\n|poke|p2|Gholdengo, L50|\n|teampreview|4\n|inactive|Battle timer is ON: inactive players will automatically lose when time's up. (requested by Djjwjwwjj)\n|inactive|Djjwjwwjj has 60 seconds left.\n|inactive|freeeds has 60 seconds left.\n|inactive|Djjwjwwjj has 30 seconds left.\n|inactive|freeeds has 30 seconds left.\n|inactive|Djjwjwwjj has 20 seconds left.\n|inactive|freeeds has 20 seconds left.\n|inactive|Djjwjwwjj has 15 seconds left.\n|inactive|freeeds has 15 seconds left.\n|inactive|Djjwjwwjj has 10 seconds left.\n|inactive|freeeds has 10 seconds left.\n|inactive|Djjwjwwjj has 5 seconds left.\n|\n|t:|1733325900\n|start\n|switch|p1a: Rillaboom|Rillaboom, L50, M|100\/100\n|switch|p1b: Gholdengo|Gholdengo, L50|100\/100\n|switch|p2a: Milotic|Milotic, L50, F|100\/100\n|switch|p2b: Garchomp|Garchomp, L50, M|100\/100\n|-fieldstart|move: Grassy Terrain|[from] ability: Grassy Surge|[of] p1a: Rillaboom\n|turn|1\n|inactive|freeeds has 30 seconds left.\n|\n|t:|1733325931\n|switch|p2a: Talonflame|Talonflame, L50, F|100\/100\n|move|p1a: Rillaboom|Fake Out|p2b: Garchomp\n|-damage|p2b: Garchomp|85\/100\n|-damage|p1a: Rillaboom|88\/100|[from] ability: Rough Skin|[of] p2b: Garchomp\n|cant|p2b: Garchomp|flinch\n|move|p1b: Gholdengo|Nasty Plot|p1b: Gholdengo\n|-boost|p1b: Gholdengo|spa|2\n|\n|-heal|p2b: Garchomp|91\/100|[from] Grassy Terrain\n|-heal|p1a: Rillaboom|94\/100|[from] Grassy Terrain\n|upkeep\n|turn|2\n|inactive|Djjwjwwjj has 30 seconds left.\n|j| One Pixie\n|inactive|Djjwjwwjj has 20 seconds left.\n|inactive|freeeds has 30 seconds left.\n|inactive|Djjwjwwjj has 15 seconds left.\n|\n|t:|1733325975\n|-terastallize|p1b: Gholdengo|Dragon\n|move|p2a: Talonflame|Tailwind|p2a: Talonflame\n|-sidestart|p2: freeeds|move: Tailwind\n|move|p2b: Garchomp|Stomping Tantrum|p1b: Gholdengo\n|-damage|p1b: Gholdengo|0 fnt\n|faint|p1b: Gholdengo\n|-damage|p2b: Garchomp|81\/100|[from] item: Life Orb\n|move|p1a: Rillaboom|Wood Hammer|p2b: Garchomp\n|-damage|p2b: Garchomp|0 fnt\n|-damage|p1a: Rillaboom|82\/100|[from] ability: Rough Skin|[of] p2b: Garchomp\n|faint|p2b: Garchomp\n|-damage|p1a: Rillaboom|58\/100|[from] Recoil\n|\n|-heal|p1a: Rillaboom|64\/100|[from] Grassy Terrain\n|upkeep\n|l| One Pixie\n|inactive|Djjwjwwjj has 30 seconds left.\n|\n|t:|1733326000\n|switch|p2b: Tyranitar|Tyranitar, L50, F|100\/100\n|switch|p1b: Palafin|Palafin, L50, F|100\/100\n|-weather|Sandstorm|[from] ability: Sand Stream|[of] p2b: Tyranitar\n|turn|3\n|inactive|freeeds has 30 seconds left.\n|l|\u2606freeeds\n|inactive|freeeds disconnected and has a minute to reconnect!\n|player|p2|\n|inactive|freeeds has 20 seconds left.\n|j|\u2606freeeds\n|inactive|freeeds reconnected and has 20 seconds left.\n|player|p2|freeeds|cynthia|\n|inactive|freeeds has 15 seconds left.\n|inactive|freeeds has 10 seconds left.\n|\n|t:|1733326046\n|switch|p1a: Pelipper|Pelipper, L50, F|100\/100\n|-weather|RainDance|[from] ability: Drizzle|[of] p1a: Pelipper\n|move|p2a: Talonflame|Brave Bird|p1a: Pelipper\n|-damage|p1a: Pelipper|41\/100\n|-damage|p2a: Talonflame|84\/100|[from] Recoil\n|move|p1b: Palafin|Jet Punch|p2a: Talonflame\n|-supereffective|p2a: Talonflame\n|-damage|p2a: Talonflame|0 fnt\n|faint|p2a: Talonflame\n|move|p2b: Tyranitar|Knock Off|p1b: Palafin\n|-damage|p1b: Palafin|19\/100\n|-enditem|p1b: Palafin|Choice Band|[from] move: Knock Off|[of] p2b: Tyranitar\n|\n|-weather|RainDance|[upkeep]\n|-heal|p1b: Palafin|25\/100|[from] Grassy Terrain\n|upkeep\n|\n|t:|1733326057\n|switch|p2a: Milotic|Milotic, L50, F|100\/100\n|turn|4\n|inactive|Djjwjwwjj has 30 seconds left.\n|inactive|freeeds has 30 seconds left.\n|inactive|Djjwjwwjj has 20 seconds left.\n|inactive|Djjwjwwjj has 15 seconds left.\n|inactive|freeeds has 20 seconds left.\n|inactive|Djjwjwwjj has 10 seconds left.\n|inactive|Djjwjwwjj has 5 seconds left.\n|\n|t:|1733326109\n|switch|p1a: Rillaboom|Rillaboom, L50, M|64\/100\n|move|p1b: Palafin|Jet Punch|p2b: Tyranitar\n|-supereffective|p2b: Tyranitar\n|-damage|p2b: Tyranitar|50\/100\n|move|p2a: Milotic|Scald|p1b: Palafin\n|-resisted|p1b: Palafin\n|-damage|p1b: Palafin|0 fnt\n|faint|p1b: Palafin\n|move|p2b: Tyranitar|Rock Slide|p1a: Rillaboom|[miss]\n|-miss|p2b: Tyranitar|p1a: Rillaboom\n|\n|-weather|RainDance|[upkeep]\n|-heal|p2b: Tyranitar|56\/100|[from] Grassy Terrain\n|-heal|p1a: Rillaboom|70\/100|[from] Grassy Terrain\n|upkeep\n|\n|t:|1733326125\n|switch|p1b: Pelipper|Pelipper, L50, F|41\/100\n|turn|5\n|inactive|Djjwjwwjj has 30 seconds left.\n|inactive|freeeds has 30 seconds left.\n|\n|t:|1733326151\n|-terastallize|p2b: Tyranitar|Flying\n|move|p2a: Milotic|Scald|p1b: Pelipper\n|-resisted|p1b: Pelipper\n|-damage|p1b: Pelipper|0 fnt\n|faint|p1b: Pelipper\n|move|p2b: Tyranitar|Tera Blast|p1a: Rillaboom|[anim] Tera Blast Flying\n|-supereffective|p1a: Rillaboom\n|-damage|p1a: Rillaboom|0 fnt\n|faint|p1a: Rillaboom\n|\n|win|freeeds\n|raw|Djjwjwwjj's rating: 1688 &rarr; <strong>1670<\/strong><br \/>(-18 for losing)\n|raw|freeeds's rating: 1724 &rarr; <strong>1742<\/strong><br \/>(+18 for winning)\n|l|\u2606Djjwjwwjj\n|player|p1|\n|l|\u2606freeeds\n|player|p2|\n|j|\u2606freeeds\n|player|p2|freeeds|cynthia|\n","uploadtime":1733326389,"views":15,"formatid":"gen9vgc2024regh","rating":1670,"private":0,"password":null}