{"id":"gen9vgc2024regh-2256617158","format":"[Gen 9] VGC 2024 Reg H","players":["iSpinoThing","greenlightdmp"],"log":"|j|\u2606iSpinoThing\n|j|\u2606greenlightdmp\n|t:|1733327849\n|gametype|doubles\n|player|p1|iSpinoThing|n|1682\n|player|p2|greenlightdmp|2|1685\n|teamsize|p1|6\n|teamsize|p2|6\n|gen|9\n|tier|[Gen 9] VGC 2024 Reg H\n|rated|\n|rule|Species Clause: Limit one of each Pok\u00e9mon\n|rule|Item Clause: Limit 1 of each item\n|clearpoke\n|poke|p1|Archaludon, L50, M|\n|poke|p1|Rillaboom, L50, F|\n|poke|p1|Basculegion, L50, M|\n|poke|p1|Kingambit, L50, M|\n|poke|p1|Pelipper, L50, M|\n|poke|p1|Electabuzz, L50, F|\n|poke|p2|Pelipper, L50, F|\n|poke|p2|Archaludon, L50, F|\n|poke|p2|Sneasler, L50, F|\n|poke|p2|Dragonite, L50, M|\n|poke|p2|Basculegion, L50, M|\n|poke|p2|Rillaboom, L50, F|\n|teampreview|4\n|inactive|Battle timer is ON: inactive players will automatically lose when time's up. (requested by greenlightdmp)\n|\n|t:|1733327936\n|start\n|switch|p1a: Pelipper|Pelipper, L50, M|100\/100\n|switch|p1b: Basculegion|Basculegion, L50, M|100\/100\n|switch|p2a: Ceasar|Rillaboom, L50, F|100\/100\n|switch|p2b: Hephetus|Archaludon, L50, F|100\/100\n|-fieldstart|move: Grassy Terrain|[from] ability: Grassy Surge|[of] p2a: Ceasar\n|-weather|RainDance|[from] ability: Drizzle|[of] p1a: Pelipper\n|turn|1\n|inactive|iSpinoThing has 30 seconds left.\n|\n|t:|1733327971\n|move|p1b: Basculegion|Flip Turn|p2a: Ceasar\n|-resisted|p2a: Ceasar\n|-damage|p2a: Ceasar|66\/100\n|\n|t:|1733327978\n|switch|p1b: Archaludon|Archaludon, L50, M|100\/100|[from] Flip Turn\n|move|p2a: Ceasar|Bullet Seed|p2b: Hephetus\n|-resisted|p2b: Hephetus\n|-damage|p2b: Hephetus|98\/100\n|-ability|p2b: Hephetus|Stamina|boost\n|-boost|p2b: Hephetus|def|1\n|-resisted|p2b: Hephetus\n|-damage|p2b: Hephetus|96\/100\n|-ability|p2b: Hephetus|Stamina|boost\n|-boost|p2b: Hephetus|def|1\n|-resisted|p2b: Hephetus\n|-damage|p2b: Hephetus|95\/100\n|-ability|p2b: Hephetus|Stamina|boost\n|-boost|p2b: Hephetus|def|1\n|-resisted|p2b: Hephetus\n|-crit|p2b: Hephetus\n|-damage|p2b: Hephetus|91\/100\n|-ability|p2b: Hephetus|Stamina|boost\n|-boost|p2b: Hephetus|def|1\n|-resisted|p2b: Hephetus\n|-damage|p2b: Hephetus|90\/100\n|-ability|p2b: Hephetus|Stamina|boost\n|-boost|p2b: Hephetus|def|1\n|-hitcount|p2b: Hephetus|5\n|move|p1a: Pelipper|Tailwind|p1a: Pelipper\n|-sidestart|p1: iSpinoThing|move: Tailwind\n|move|p2b: Hephetus|Electro Shot||[still]\n|-prepare|p2b: Hephetus|Electro Shot\n|-boost|p2b: Hephetus|spa|1\n|-anim|p2b: Hephetus|Electro Shot|p1a: Pelipper\n|-supereffective|p1a: Pelipper\n|-enditem|p1a: Pelipper|Focus Sash\n|-damage|p1a: Pelipper|1\/100\n|\n|-weather|RainDance|[upkeep]\n|-heal|p2a: Ceasar|72\/100|[from] Grassy Terrain\n|-heal|p2b: Hephetus|96\/100|[from] Grassy Terrain\n|upkeep\n|turn|2\n|inactive|iSpinoThing has 30 seconds left.\n|inactive|greenlightdmp has 30 seconds left.\n|inactive|iSpinoThing has 20 seconds left.\n|inactive|greenlightdmp has 20 seconds left.\n|inactive|iSpinoThing has 15 seconds left.\n|inactive|greenlightdmp has 15 seconds left.\n|inactive|iSpinoThing has 10 seconds left.\n|inactive|greenlightdmp has 10 seconds left.\n|inactive|greenlightdmp has 5 seconds left.\n|\n|t:|1733328029\n|switch|p1b: Kingambit|Kingambit, L50, M|100\/100\n|move|p2a: Ceasar|Grassy Glide|p1a: Pelipper\n|-crit|p1a: Pelipper\n|-damage|p1a: Pelipper|0 fnt\n|faint|p1a: Pelipper\n|move|p2b: Hephetus|Electro Shot||[still]\n|-prepare|p2b: Hephetus|Electro Shot\n|-boost|p2b: Hephetus|spa|1\n|-anim|p2b: Hephetus|Electro Shot|p1b: Kingambit\n|-damage|p1b: Kingambit|15\/100\n|\n|-weather|RainDance|[upkeep]\n|-heal|p1b: Kingambit|21\/100|[from] Grassy Terrain\n|-heal|p2a: Ceasar|77\/100|[from] Grassy Terrain\n|-heal|p2b: Hephetus|100\/100|[from] Grassy Terrain\n|upkeep\n|\n|t:|1733328046\n|switch|p1a: Archaludon|Archaludon, L50, M|100\/100\n|turn|3\n|inactive|iSpinoThing has 30 seconds left.\n|\n|t:|1733328071\n|-terastallize|p1a: Archaludon|Fairy\n|move|p1a: Archaludon|Draco Meteor|p2b: Hephetus\n|-damage|p2b: Hephetus|52\/100\n|-unboost|p1a: Archaludon|spa|2\n|-ability|p2b: Hephetus|Stamina|boost\n|-boost|p2b: Hephetus|def|1\n|move|p1b: Kingambit|Swords Dance|p1b: Kingambit\n|-boost|p1b: Kingambit|atk|2\n|move|p2a: Ceasar|Bullet Seed|p1b: Kingambit\n|-resisted|p1b: Kingambit\n|-damage|p1b: Kingambit|16\/100\n|-resisted|p1b: Kingambit\n|-damage|p1b: Kingambit|10\/100\n|-resisted|p1b: Kingambit\n|-damage|p1b: Kingambit|4\/100\n|-resisted|p1b: Kingambit\n|-damage|p1b: Kingambit|0 fnt\n|faint|p1b: Kingambit\n|-hitcount|p1: Kingambit|4\n|move|p2b: Hephetus|Draco Meteor|p1a: Archaludon\n|-immune|p1a: Archaludon\n|\n|-weather|RainDance|[upkeep]\n|-heal|p2a: Ceasar|83\/100|[from] Grassy Terrain\n|-heal|p2b: Hephetus|58\/100|[from] Grassy Terrain\n|upkeep\n|\n|t:|1733328091\n|switch|p1b: Basculegion|Basculegion, L50, M|100\/100\n|turn|4\n|\n|t:|1733328102\n|move|p1b: Basculegion|Last Respects|p2a: Ceasar\n|-damage|p2a: Ceasar|0 fnt\n|faint|p2a: Ceasar\n|move|p1a: Archaludon|Electro Shot||[still]\n|-prepare|p1a: Archaludon|Electro Shot\n|-boost|p1a: Archaludon|spa|1\n|-anim|p1a: Archaludon|Electro Shot|p2b: Hephetus\n|-resisted|p2b: Hephetus\n|-damage|p2b: Hephetus|47\/100\n|move|p2b: Hephetus|Flash Cannon|p1a: Archaludon\n|-supereffective|p1a: Archaludon\n|-damage|p1a: Archaludon|0 fnt\n|faint|p1a: Archaludon\n|\n|-weather|RainDance|[upkeep]\n|-heal|p2b: Hephetus|53\/100|[from] Grassy Terrain\n|-sideend|p1: iSpinoThing|move: Tailwind\n|upkeep\n|\n|t:|1733328116\n|switch|p2a: Hermes|Sneasler, L50, F|100\/100\n|-enditem|p2a: Hermes|Grassy Seed\n|-boost|p2a: Hermes|def|1|[from] item: Grassy Seed\n|turn|5\n|\n|t:|1733328129\n|move|p2a: Hermes|Protect|p2a: Hermes\n|-singleturn|p2a: Hermes|Protect\n|move|p1b: Basculegion|Last Respects|p2b: Hephetus\n|-damage|p2b: Hephetus|25\/100\n|move|p2b: Hephetus|Electro Shot||[still]\n|-prepare|p2b: Hephetus|Electro Shot\n|-boost|p2b: Hephetus|spa|1\n|-anim|p2b: Hephetus|Electro Shot|p1b: Basculegion\n|-supereffective|p1b: Basculegion\n|-damage|p1b: Basculegion|0 fnt\n|faint|p1b: Basculegion\n|\n|win|greenlightdmp\n|raw|iSpinoThing's rating: 1682 &rarr; <strong>1662<\/strong><br \/>(-20 for losing)\n|raw|greenlightdmp's rating: 1685 &rarr; <strong>1705<\/strong><br \/>(+20 for winning)\n|l|\u2606iSpinoThing\n|player|p1|\n|l|\u2606greenlightdmp\n|player|p2|\n","uploadtime":1733328351,"views":6,"formatid":"gen9vgc2024regh","rating":1662,"private":0,"password":null}