{"id":"gen9vgc2024regh-2256013419","format":"[Gen 9] VGC 2024 Reg H","players":["MoodyMukVGC","Magyurosai"],"log":"|j|\u2606MoodyMukVGC\n|j|\u2606Magyurosai\n|t:|1733249225\n|gametype|doubles\n|player|p1|MoodyMukVGC|1|1717\n|player|p2|Magyurosai|lance|1644\n|teamsize|p1|6\n|teamsize|p2|6\n|gen|9\n|tier|[Gen 9] VGC 2024 Reg H\n|rated|\n|rule|Species Clause: Limit one of each Pok\u00e9mon\n|rule|Item Clause: Limit 1 of each item\n|clearpoke\n|poke|p1|Sneasler, L50, M|\n|poke|p1|Dragonite, L50, M|\n|poke|p1|Volcarona, L50, M|\n|poke|p1|Electabuzz, L50, M|\n|poke|p1|Rillaboom, L50, M|\n|poke|p1|Kingambit, L50, M|\n|poke|p2|Indeedee, L50, M|\n|poke|p2|Drifblim, L50, M|\n|poke|p2|Volcarona, L50, F|\n|poke|p2|Kommo-o, L50, M|\n|poke|p2|Toxtricity, L50, M|\n|poke|p2|Hydreigon, L50, M|\n|teampreview|4\n|j| kyo9t\nMagyurosai rejected open team sheets.\n|inactive|Battle timer is ON: inactive players will automatically lose when time's up. (requested by Magyurosai)\n|\n|t:|1733249345\n|start\n|switch|p1a: Electabuzz|Electabuzz, L50, M, shiny|100\/100\n|switch|p1b: Volcarona|Volcarona, L50, M, shiny|100\/100\n|switch|p2a: Indeedee|Indeedee, L50, M|100\/100\n|switch|p2b: Drifblim|Drifblim, L50, M, shiny|100\/100\n|-fieldstart|move: Psychic Terrain|[from] ability: Psychic Surge|[of] p2a: Indeedee\n|-enditem|p2b: Drifblim|Psychic Seed\n|-boost|p2b: Drifblim|spd|1|[from] item: Psychic Seed\n|turn|1\n|inactive|Magyurosai has 30 seconds left.\n|\n|t:|1733249371\n|switch|p1a: Rillaboom|Rillaboom, L50, M, shiny|100\/100\n|-fieldstart|move: Grassy Terrain|[from] ability: Grassy Surge|[of] p1a: Rillaboom\n|move|p1b: Volcarona|Protect|p1b: Volcarona\n|-singleturn|p1b: Volcarona|Protect\n|move|p2b: Drifblim|Acrobatics|p1b: Volcarona\n|-activate|p1b: Volcarona|move: Protect\n|move|p2a: Indeedee|Trick Room|p2a: Indeedee\n|-fieldstart|move: Trick Room|[of] p2a: Indeedee\n|\n|upkeep\n|turn|2\n|inactive|MoodyMukVGC has 30 seconds left.\n|inactive|Magyurosai has 30 seconds left.\n|inactive|MoodyMukVGC has 20 seconds left.\n|inactive|MoodyMukVGC has 15 seconds left.\n|inactive|Magyurosai has 20 seconds left.\n|j| 413XP\n|inactive|MoodyMukVGC has 10 seconds left.\n|inactive|Magyurosai has 15 seconds left.\n|\n|t:|1733249419\n|switch|p2a: Kommo-o|Kommo-o, L50, M|100\/100\n|-terastallize|p1b: Volcarona|Fairy\n|move|p1a: Rillaboom|Wood Hammer|p2b: Drifblim\n|-resisted|p2b: Drifblim\n|-damage|p2b: Drifblim|56\/100\n|-damage|p1a: Rillaboom|83\/100|[from] Recoil\n|move|p1b: Volcarona|Heat Wave|p2a: Kommo-o|[spread] p2a,p2b\n|-resisted|p2a: Kommo-o\n|-damage|p2a: Kommo-o|86\/100\n|-damage|p2b: Drifblim|35\/100\n|move|p2b: Drifblim|Acrobatics|p1b: Volcarona\n|-damage|p1b: Volcarona|58\/100\n|\n|-heal|p2a: Kommo-o|92\/100|[from] Grassy Terrain\n|-heal|p2a: Kommo-o|98\/100|[from] item: Leftovers\n|-heal|p1a: Rillaboom|89\/100|[from] Grassy Terrain\n|-heal|p1b: Volcarona|64\/100|[from] Grassy Terrain\n|-heal|p1b: Volcarona|70\/100|[from] item: Leftovers\n|upkeep\n|turn|3\n|inactive|Magyurosai has 30 seconds left.\n|inactive|Magyurosai has 20 seconds left.\n|\n|t:|1733249455\n|switch|p1a: Electabuzz|Electabuzz, L50, M, shiny|100\/100\n|switch|p2b: Indeedee|Indeedee, L50, M|100\/100\n|-fieldstart|move: Psychic Terrain|[from] ability: Psychic Surge|[of] p2b: Indeedee\n|-terastallize|p2a: Kommo-o|Fire\n|move|p2a: Kommo-o|Iron Defense|p2a: Kommo-o\n|-boost|p2a: Kommo-o|def|2\n|move|p1b: Volcarona|Tera Blast|p2a: Kommo-o|[anim] Tera Blast Fairy\n|-resisted|p2a: Kommo-o\n|-damage|p2a: Kommo-o|82\/100\n|\n|-heal|p2a: Kommo-o|88\/100|[from] item: Leftovers\n|-heal|p1b: Volcarona|77\/100|[from] item: Leftovers\n|upkeep\n|turn|4\n|\n|t:|1733249480\n|move|p1a: Electabuzz|Protect|p1a: Electabuzz\n|-singleturn|p1a: Electabuzz|Protect\n|move|p1b: Volcarona|Protect|p1b: Volcarona\n|-singleturn|p1b: Volcarona|Protect\n|move|p2a: Kommo-o|Body Press|p1b: Volcarona\n|-activate|p1b: Volcarona|move: Protect\n|move|p2b: Indeedee|Expanding Force|p1a: Electabuzz|[spread] \n|-activate|p1a: Electabuzz|move: Protect\n|-activate|p1b: Volcarona|move: Protect\n|\n|-heal|p2a: Kommo-o|94\/100|[from] item: Leftovers\n|-heal|p1b: Volcarona|83\/100|[from] item: Leftovers\n|upkeep\n|turn|5\n|inactive|MoodyMukVGC has 30 seconds left.\n|\n|t:|1733249511\n|switch|p1a: Rillaboom|Rillaboom, L50, M, shiny|89\/100\n|-fieldstart|move: Grassy Terrain|[from] ability: Grassy Surge|[of] p1a: Rillaboom\n|switch|p1b: Dragonite|Dragonite, L50, M, shiny|100\/100\n|move|p2a: Kommo-o|Body Press|p1b: Dragonite\n|-resisted|p1b: Dragonite\n|-damage|p1b: Dragonite|78\/100\n|move|p2b: Indeedee|Expanding Force|p1b: Dragonite\n|-damage|p1b: Dragonite|44\/100\n|\n|-heal|p2a: Kommo-o|100\/100|[from] Grassy Terrain\n|-heal|p1a: Rillaboom|95\/100|[from] Grassy Terrain\n|-fieldend|move: Trick Room\n|upkeep\n|turn|6\n|inactive|Magyurosai has 30 seconds left.\n|\n|t:|1733249544\n|switch|p2b: Drifblim|Drifblim, L50, M, shiny|35\/100\n|move|p1a: Rillaboom|Fake Out|p2a: Kommo-o\n|-damage|p2a: Kommo-o|96\/100\n|move|p1b: Dragonite|Scale Shot|p2b: Drifblim\n|-damage|p2b: Drifblim|19\/100\n|-damage|p2b: Drifblim|4\/100\n|-damage|p2b: Drifblim|0 fnt\n|faint|p2b: Drifblim\n|-hitcount|p2: Drifblim|3\n|-unboost|p1b: Dragonite|def|1\n|-boost|p1b: Dragonite|spe|1\n|cant|p2a: Kommo-o|flinch\n|\n|-heal|p1a: Rillaboom|100\/100|[from] Grassy Terrain\n|-heal|p2a: Kommo-o|100\/100|[from] Grassy Terrain\n|upkeep\n|\n|t:|1733249552\n|switch|p2b: Indeedee|Indeedee, L50, M|100\/100\n|-fieldstart|move: Psychic Terrain|[from] ability: Psychic Surge|[of] p2b: Indeedee\n|turn|7\n|\n|t:|1733249562\n|switch|p1a: Electabuzz|Electabuzz, L50, M, shiny|100\/100\n|move|p1b: Dragonite|Protect|p1b: Dragonite\n|-singleturn|p1b: Dragonite|Protect\n|move|p2b: Indeedee|Expanding Force|p1b: Dragonite|[spread] p1a\n|-activate|p1b: Dragonite|move: Protect\n|-damage|p1a: Electabuzz|55\/100\n|move|p2a: Kommo-o|Body Press|p1a: Electabuzz\n|-damage|p1a: Electabuzz|0 fnt\n|faint|p1a: Electabuzz\n|\n|upkeep\n|\n|t:|1733249573\n|switch|p1a: Rillaboom|Rillaboom, L50, M, shiny|100\/100\n|-fieldstart|move: Grassy Terrain|[from] ability: Grassy Surge|[of] p1a: Rillaboom\n|turn|8\n|inactive|Magyurosai has 30 seconds left.\n|inactive|Magyurosai has 20 seconds left.\n|inactive|Magyurosai has 15 seconds left.\n|inactive|Magyurosai has 10 seconds left.\n|\n|t:|1733249619\n|move|p1b: Dragonite|Haze|p1b: Dragonite\n|-clearallboost\n|move|p1a: Rillaboom|Wood Hammer|p2b: Indeedee\n|-enditem|p2b: Indeedee|Focus Sash\n|-damage|p2b: Indeedee|1\/100\n|-damage|p1a: Rillaboom|77\/100|[from] Recoil\n|move|p2a: Kommo-o|Body Press|p1a: Rillaboom\n|-damage|p1a: Rillaboom|33\/100\n|move|p2b: Indeedee|Trick Room|p2b: Indeedee\n|-fieldstart|move: Trick Room|[of] p2b: Indeedee\n|\n|-heal|p1a: Rillaboom|39\/100|[from] Grassy Terrain\n|-heal|p2b: Indeedee|7\/100|[from] Grassy Terrain\n|upkeep\n|turn|9\n|inactive|MoodyMukVGC has 30 seconds left.\n|inactive|Magyurosai has 30 seconds left.\n|inactive|MoodyMukVGC has 20 seconds left.\n|inactive|Magyurosai has 20 seconds left.\n|inactive|MoodyMukVGC has 15 seconds left.\n|\n|t:|1733249659\n|switch|p2b: Toxtricity|Toxtricity, L50, M, shiny|100\/100\n|move|p2a: Kommo-o|Body Press|p1a: Rillaboom\n|-damage|p1a: Rillaboom|0 fnt\n|faint|p1a: Rillaboom\n|move|p1b: Dragonite|Scale Shot|p2a: Kommo-o|[miss]\n|-miss|p1b: Dragonite|p2a: Kommo-o\n|\n|upkeep\n|\n|t:|1733249670\n|switch|p1a: Volcarona|Volcarona, L50, M, shiny, tera:Fairy|83\/100\n|turn|10\n|\n|t:|1733249675\n|move|p2a: Kommo-o|Iron Defense|p2a: Kommo-o\n|-boost|p2a: Kommo-o|def|2\n|move|p2b: Toxtricity|Boomburst|p1b: Dragonite|[spread] p1a,p1b\n|-immune|p2a: Kommo-o|[from] ability: Soundproof\n|-damage|p1a: Volcarona|25\/100\n|-damage|p1b: Dragonite|0 fnt\n|faint|p1b: Dragonite\n|move|p1a: Volcarona|Quiver Dance|p1a: Volcarona\n|-boost|p1a: Volcarona|spa|1\n|-boost|p1a: Volcarona|spd|1\n|-boost|p1a: Volcarona|spe|1\n|\n|-heal|p1a: Volcarona|32\/100|[from] Grassy Terrain\n|-heal|p1a: Volcarona|38\/100|[from] item: Leftovers\n|upkeep\n|turn|11\n|-message|MoodyMukVGC forfeited.\n|\n|win|Magyurosai\n|raw|MoodyMukVGC's rating: 1717 &rarr; <strong>1693<\/strong><br \/>(-24 for losing)\n|raw|Magyurosai's rating: 1644 &rarr; <strong>1668<\/strong><br \/>(+24 for winning)\n|l|\u2606MoodyMukVGC\n|player|p1|\n|l|\u2606Magyurosai\n|player|p2|\n|l| 413XP\n","uploadtime":1733249956,"views":22,"formatid":"gen9vgc2024regh","rating":1668,"private":0,"password":null}