{"id":"gen9vgc2024regh-2256941484","format":"[Gen 9] VGC 2024 Reg H","players":["actuary97","totolaw"],"log":"|j|\u2606actuary97\n|j|\u2606totolaw\n|t:|1733361773\n|gametype|doubles\n|player|p1|actuary97|sabrina-frlg|1744\n|player|p2|totolaw|101|1714\n|teamsize|p1|6\n|teamsize|p2|6\n|gen|9\n|tier|[Gen 9] VGC 2024 Reg H\n|rated|\n|rule|Species Clause: Limit one of each Pok\u00e9mon\n|rule|Item Clause: Limit 1 of each item\n|clearpoke\n|poke|p1|Whimsicott, L50, F|\n|poke|p1|Gallade, L50, M|\n|poke|p1|Archaludon, L50, F|\n|poke|p1|Malamar, L50, F|\n|poke|p1|Indeedee, L50, M|\n|poke|p1|Drifblim, L50, M|\n|poke|p2|Indeedee-F, L50, F|\n|poke|p2|Armarouge, L50, M|\n|poke|p2|Ninetales-Alola, L50, F|\n|poke|p2|Sneasler, L50, M|\n|poke|p2|Ursaluna-Bloodmoon, L50, M|\n|poke|p2|Kingambit, L50, M|\n|teampreview|4\nactuary97 has agreed to open team sheets.\n|\n|t:|1733361826\n|start\n|switch|p1a: Happy Thanksgiving|Drifblim, L50, M, shiny|100\/100\n|switch|p1b: Malamother|Malamar, L50, F, shiny|100\/100\n|switch|p2a: Indeedee|Indeedee-F, L50, F|100\/100\n|switch|p2b: Sneasler|Sneasler, L50, M|100\/100\n|-fieldstart|move: Psychic Terrain|[from] ability: Psychic Surge|[of] p2a: Indeedee\n|-enditem|p2b: Sneasler|Psychic Seed\n|-boost|p2b: Sneasler|spd|1|[from] item: Psychic Seed\n|-enditem|p1a: Happy Thanksgiving|Psychic Seed\n|-boost|p1a: Happy Thanksgiving|spd|1|[from] item: Psychic Seed\n|turn|1\n|\n|t:|1733361841\n|move|p2a: Indeedee|Follow Me|p2a: Indeedee\n|-singleturn|p2a: Indeedee|move: Follow Me\n|move|p2b: Sneasler|Dire Claw|p1a: Happy Thanksgiving\n|-resisted|p1a: Happy Thanksgiving\n|-damage|p1a: Happy Thanksgiving|78\/100\n|-status|p1a: Happy Thanksgiving|slp\n|cant|p1a: Happy Thanksgiving|slp\n|move|p1b: Malamother|Superpower|p2a: Indeedee\n|-damage|p2a: Indeedee|75\/100\n|-boost|p1b: Malamother|atk|1\n|-boost|p1b: Malamother|def|1\n|-damage|p1b: Malamother|84\/100|[from] item: Rocky Helmet|[of] p2a: Indeedee\n|\n|upkeep\n|turn|2\n|\n|t:|1733361858\n|move|p2b: Sneasler|Dire Claw|p1b: Malamother\n|-damage|p1b: Malamother|57\/100\n|-status|p1b: Malamother|psn\n|cant|p1a: Happy Thanksgiving|slp\n|move|p2a: Indeedee|Dazzling Gleam|p1b: Malamother|[spread] p1a,p1b\n|-supereffective|p1b: Malamother\n|-damage|p1a: Happy Thanksgiving|69\/100 slp\n|-damage|p1b: Malamother|31\/100 psn\n|-enditem|p1b: Malamother|Sitrus Berry|[eat]\n|-heal|p1b: Malamother|56\/100 psn|[from] item: Sitrus Berry\n|move|p1b: Malamother|Superpower|p2b: Sneasler\n|-resisted|p2b: Sneasler\n|-damage|p2b: Sneasler|66\/100\n|-boost|p1b: Malamother|atk|1\n|-boost|p1b: Malamother|def|1\n|\n|-damage|p1b: Malamother|44\/100 psn|[from] psn\n|upkeep\n|turn|3\n|\n|t:|1733361888\n|move|p2a: Indeedee|Follow Me|p2a: Indeedee\n|-singleturn|p2a: Indeedee|move: Follow Me\n|move|p2b: Sneasler|Dire Claw|p1a: Happy Thanksgiving\n|-resisted|p1a: Happy Thanksgiving\n|-damage|p1a: Happy Thanksgiving|47\/100 slp\n|-curestatus|p1a: Happy Thanksgiving|slp|[msg]\n|move|p1a: Happy Thanksgiving|Will-O-Wisp|p2a: Indeedee\n|-status|p2a: Indeedee|brn\n|move|p1b: Malamother|Knock Off|p2a: Indeedee\n|-supereffective|p2a: Indeedee\n|-damage|p2a: Indeedee|0 fnt\n|-damage|p1b: Malamother|27\/100 psn|[from] item: Rocky Helmet|[of] p2a: Indeedee\n|-enditem|p2a: Indeedee|Rocky Helmet|[from] move: Knock Off|[of] p1b: Malamother\n|faint|p2a: Indeedee\n|\n|-damage|p1b: Malamother|14\/100 psn|[from] psn\n|upkeep\n|\n|t:|1733361904\n|switch|p2a: Ninetales|Ninetales-Alola, L50, F|100\/100\n|-weather|Snow|[from] ability: Snow Warning|[of] p2a: Ninetales\n|turn|4\n|\n|t:|1733361926\n|move|p2a: Ninetales|Protect|p2a: Ninetales\n|-singleturn|p2a: Ninetales|Protect\n|move|p2b: Sneasler|Dire Claw|p1a: Happy Thanksgiving\n|-resisted|p1a: Happy Thanksgiving\n|-damage|p1a: Happy Thanksgiving|26\/100\n|-status|p1a: Happy Thanksgiving|slp\n|cant|p1a: Happy Thanksgiving|slp\n|move|p1b: Malamother|Superpower|p2a: Ninetales\n|-activate|p2a: Ninetales|move: Protect\n|\n|-weather|Snow|[upkeep]\n|-damage|p1b: Malamother|2\/100 psn|[from] psn\n|upkeep\n|turn|5\n|c|\u2606actuary97|bro\n|c|\u2606actuary97|u cannot be serious \ud83d\ude02\n|\n|t:|1733361952\n|move|p2b: Sneasler|Dire Claw|p1a: Happy Thanksgiving\n|-resisted|p1a: Happy Thanksgiving\n|-damage|p1a: Happy Thanksgiving|6\/100 slp\n|cant|p1a: Happy Thanksgiving|slp\n|move|p2a: Ninetales|Blizzard|p1a: Happy Thanksgiving|[spread] p1a,p1b\n|-supereffective|p1a: Happy Thanksgiving\n|-damage|p1a: Happy Thanksgiving|0 fnt\n|-damage|p1b: Malamother|0 fnt\n|faint|p1a: Happy Thanksgiving\n|faint|p1b: Malamother\n|\n|-weather|Snow|[upkeep]\n|-fieldend|move: Psychic Terrain\n|upkeep\n|\n|t:|1733361958\n|switch|p1a: Bridget|Archaludon, L50, F, shiny|100\/100\n|switch|p1b: \u2694\ufe0fKing\u2694\ufe0f|Gallade, L50, M, shiny|100\/100\n|turn|6\n|\n|t:|1733361977\n|-terastallize|p1a: Bridget|Grass\n|move|p1b: \u2694\ufe0fKing\u2694\ufe0f|Protect|p1b: \u2694\ufe0fKing\u2694\ufe0f\n|-singleturn|p1b: \u2694\ufe0fKing\u2694\ufe0f|Protect\n|move|p2b: Sneasler|Acrobatics|p1b: \u2694\ufe0fKing\u2694\ufe0f\n|-activate|p1b: \u2694\ufe0fKing\u2694\ufe0f|move: Protect\n|move|p2a: Ninetales|Freeze-Dry|p1b: \u2694\ufe0fKing\u2694\ufe0f\n|-activate|p1b: \u2694\ufe0fKing\u2694\ufe0f|move: Protect\n|move|p1a: Bridget|Snarl|p2b: Sneasler|[spread] p2a,p2b\n|-resisted|p2a: Ninetales\n|-resisted|p2b: Sneasler\n|-damage|p2a: Ninetales|92\/100\n|-damage|p2b: Sneasler|60\/100\n|-unboost|p2a: Ninetales|spa|1\n|-unboost|p2b: Sneasler|spa|1\n|\n|-weather|Snow|[upkeep]\n|upkeep\n|turn|7\n|\n|t:|1733361994\n|move|p2b: Sneasler|Acrobatics|p1a: Bridget\n|-supereffective|p1a: Bridget\n|-damage|p1a: Bridget|48\/100\n|-ability|p1a: Bridget|Stamina|boost\n|-boost|p1a: Bridget|def|1\n|move|p2a: Ninetales|Encore|p1b: \u2694\ufe0fKing\u2694\ufe0f\n|-start|p1b: \u2694\ufe0fKing\u2694\ufe0f|Encore\n|move|p1b: \u2694\ufe0fKing\u2694\ufe0f|Protect|p1b: \u2694\ufe0fKing\u2694\ufe0f\n|-singleturn|p1b: \u2694\ufe0fKing\u2694\ufe0f|Protect\n|move|p1a: Bridget|Flash Cannon|p2a: Ninetales\n|-supereffective|p2a: Ninetales\n|-crit|p2a: Ninetales\n|-damage|p2a: Ninetales|0 fnt\n|faint|p2a: Ninetales\n|\n|-weather|Snow|[upkeep]\n|upkeep\n|\n|t:|1733362007\n|switch|p2a: Ursaluna|Ursaluna-Bloodmoon, L50, M|100\/100\n|turn|8\n|\n|t:|1733362025\n|-terastallize|p2a: Ursaluna|Normal\n|move|p1b: \u2694\ufe0fKing\u2694\ufe0f|Protect||[still]\n|-fail|p1b: \u2694\ufe0fKing\u2694\ufe0f\n|move|p2b: Sneasler|Acrobatics|p1a: Bridget\n|-supereffective|p1a: Bridget\n|-damage|p1a: Bridget|12\/100\n|-ability|p1a: Bridget|Stamina|boost\n|-boost|p1a: Bridget|def|1\n|move|p1a: Bridget|Snarl|p2b: Sneasler|[spread] p2a,p2b\n|-resisted|p2b: Sneasler\n|-damage|p2a: Ursaluna|88\/100\n|-damage|p2b: Sneasler|55\/100\n|-unboost|p2a: Ursaluna|spa|1\n|-unboost|p2b: Sneasler|spa|1\n|move|p2a: Ursaluna|Hyper Voice|p1a: Bridget|[spread] p1a,p1b\n|-damage|p1a: Bridget|0 fnt\n|-damage|p1b: \u2694\ufe0fKing\u2694\ufe0f|51\/100\n|faint|p1a: Bridget\n|-damage|p2a: Ursaluna|78\/100|[from] item: Life Orb\n|\n|-weather|none\n|upkeep\n|turn|9\n|\n|t:|1733362047\n|move|p1b: \u2694\ufe0fKing\u2694\ufe0f|Protect|p1b: \u2694\ufe0fKing\u2694\ufe0f\n|-singleturn|p1b: \u2694\ufe0fKing\u2694\ufe0f|Protect\n|move|p2b: Sneasler|Acrobatics|p1b: \u2694\ufe0fKing\u2694\ufe0f\n|-activate|p1b: \u2694\ufe0fKing\u2694\ufe0f|move: Protect\n|move|p2a: Ursaluna|Blood Moon|p1b: \u2694\ufe0fKing\u2694\ufe0f\n|-activate|p1b: \u2694\ufe0fKing\u2694\ufe0f|move: Protect\n|\n|-end|p1b: \u2694\ufe0fKing\u2694\ufe0f|Encore\n|upkeep\n|turn|10\n|\n|t:|1733362059\n|move|p2b: Sneasler|Acrobatics|p1b: \u2694\ufe0fKing\u2694\ufe0f\n|-supereffective|p1b: \u2694\ufe0fKing\u2694\ufe0f\n|-damage|p1b: \u2694\ufe0fKing\u2694\ufe0f|0 fnt\n|faint|p1b: \u2694\ufe0fKing\u2694\ufe0f\n|\n|win|totolaw\n|raw|actuary97's rating: 1744 &rarr; <strong>1722<\/strong><br \/>(-22 for losing)\n|raw|totolaw's rating: 1714 &rarr; <strong>1736<\/strong><br \/>(+22 for winning)\n|l|\u2606actuary97\n|player|p1|\n|l|\u2606totolaw\n|player|p2|\n","uploadtime":1733362235,"views":8,"formatid":"gen9vgc2024regh","rating":1722,"private":0,"password":null}