{"id":"gen9vgc2024regh-2256099794","format":"[Gen 9] VGC 2024 Reg H","players":["rgktest","insertable194"],"log":"|j|\u2606rgktest\n|j|\u2606insertable194\n|t:|1733257204\n|gametype|doubles\n|player|p1|rgktest|brycenman|1693\n|player|p2|insertable194|hanbei-conquest|1670\n|teamsize|p1|6\n|teamsize|p2|6\n|gen|9\n|tier|[Gen 9] VGC 2024 Reg H\n|rated|\n|rule|Species Clause: Limit one of each Pok\u00e9mon\n|rule|Item Clause: Limit 1 of each item\n|clearpoke\n|poke|p1|Ursaluna-Bloodmoon, L50, M|\n|poke|p1|Talonflame, L50, F|\n|poke|p1|Indeedee, L50, M|\n|poke|p1|Sneasler, L50, F|\n|poke|p1|Electabuzz, L50, F|\n|poke|p1|Archaludon, L50, M|\n|poke|p2|Dondozo, L50, F|\n|poke|p2|Gholdengo, L50|\n|poke|p2|Tatsugiri, L50, M|\n|poke|p2|Tyranitar, L50, F|\n|poke|p2|Dragonite, L50, M|\n|poke|p2|Annihilape, L50, F|\n|teampreview|4\n|\n|t:|1733257245\n|start\n|switch|p1a: Electabuzz|Electabuzz, L50, F|100\/100\n|switch|p1b: Ursaluna|Ursaluna-Bloodmoon, L50, M|100\/100\n|switch|p2a: Gholdengo|Gholdengo, L50|100\/100\n|switch|p2b: Tatsugiri|Tatsugiri, L50, M|100\/100\n|turn|1\n|\n|t:|1733257279\n|move|p1b: Ursaluna|Protect|p1b: Ursaluna\n|-singleturn|p1b: Ursaluna|Protect\n|move|p2b: Tatsugiri|Muddy Water|p1a: Electabuzz|[spread] p1a\n|-activate|p1b: Ursaluna|move: Protect\n|-damage|p1a: Electabuzz|70\/100\n|-unboost|p1a: Electabuzz|accuracy|1\n|move|p1a: Electabuzz|Electroweb|p2a: Gholdengo|[spread] p2a,p2b\n|-damage|p2a: Gholdengo|84\/100\n|-damage|p2b: Tatsugiri|84\/100\n|-unboost|p2a: Gholdengo|spe|1\n|-unboost|p2b: Tatsugiri|spe|1\n|move|p2a: Gholdengo|Make It Rain|p1b: Ursaluna|[spread] p1a\n|-activate|p1b: Ursaluna|move: Protect\n|-resisted|p1a: Electabuzz\n|-damage|p1a: Electabuzz|44\/100\n|-unboost|p2a: Gholdengo|spa|1\n|-damage|p2a: Gholdengo|74\/100|[from] item: Life Orb\n|\n|upkeep\n|turn|2\n|\n|t:|1733257315\n|switch|p2b: Tyranitar|Tyranitar, L50, F|100\/100\n|-weather|Sandstorm|[from] ability: Sand Stream|[of] p2b: Tyranitar\n|-terastallize|p1b: Ursaluna|Normal\n|move|p2a: Gholdengo|Protect|p2a: Gholdengo\n|-singleturn|p2a: Gholdengo|Protect\n|move|p1a: Electabuzz|Electroweb|p2a: Gholdengo|[spread] p2b\n|-activate|p2a: Gholdengo|move: Protect\n|-damage|p2b: Tyranitar|96\/100\n|-unboost|p2b: Tyranitar|spe|1\n|move|p1b: Ursaluna|Hyper Voice|p2b: Tyranitar|[spread] p2b\n|-activate|p2a: Gholdengo|move: Protect\n|-resisted|p2b: Tyranitar\n|-crit|p2b: Tyranitar\n|-damage|p2b: Tyranitar|75\/100\n|-damage|p1b: Ursaluna|91\/100|[from] item: Life Orb\n|\n|-weather|Sandstorm|[upkeep]\n|-damage|p1a: Electabuzz|38\/100|[from] Sandstorm\n|-damage|p1b: Ursaluna|85\/100|[from] Sandstorm\n|upkeep\n|turn|3\n|\n|t:|1733257343\n|switch|p1a: Sneasler|Sneasler, L50, F|100\/100\n|switch|p2a: Dondozo|Dondozo, L50, F|100\/100\n|move|p1b: Ursaluna|Earth Power|p2a: Dondozo\n|-damage|p2a: Dondozo|30\/100\n|-damage|p1b: Ursaluna|76\/100|[from] item: Life Orb\n|move|p2b: Tyranitar|Low Kick|p1b: Ursaluna\n|-supereffective|p1b: Ursaluna\n|-damage|p1b: Ursaluna|5\/100\n|\n|-weather|Sandstorm|[upkeep]\n|-damage|p1a: Sneasler|95\/100|[from] Sandstorm\n|-damage|p1b: Ursaluna|0 fnt|[from] Sandstorm\n|-damage|p2a: Dondozo|24\/100|[from] Sandstorm\n|faint|p1b: Ursaluna\n|-heal|p2a: Dondozo|30\/100|[from] item: Leftovers\n|upkeep\n|\n|t:|1733257359\n|switch|p1b: Indeedee|Indeedee, L50, M|100\/100\n|-fieldstart|move: Psychic Terrain|[from] ability: Psychic Surge|[of] p1b: Indeedee\n|-enditem|p1a: Sneasler|Psychic Seed\n|-boost|p1a: Sneasler|spd|1|[from] item: Psychic Seed\n|turn|4\n|\n|t:|1733257374\n|switch|p2a: Gholdengo|Gholdengo, L50|74\/100\n|-terastallize|p2b: Tyranitar|Bug\n|move|p1a: Sneasler|Protect|p1a: Sneasler\n|-singleturn|p1a: Sneasler|Protect\n|move|p1b: Indeedee|Expanding Force|p2b: Tyranitar|[spread] p2a,p2b\n|-resisted|p2a: Gholdengo\n|-damage|p2a: Gholdengo|46\/100\n|-damage|p2b: Tyranitar|44\/100\n|move|p2b: Tyranitar|High Horsepower|p1a: Sneasler\n|-activate|p1a: Sneasler|move: Protect\n|\n|-weather|Sandstorm|[upkeep]\n|-damage|p1a: Sneasler|89\/100|[from] Sandstorm\n|-damage|p1b: Indeedee|95\/100|[from] Sandstorm\n|-damage|p2b: Tyranitar|38\/100|[from] Sandstorm\n|upkeep\n|turn|5\n|\n|t:|1733257436\n|move|p2a: Gholdengo|Protect|p2a: Gholdengo\n|-singleturn|p2a: Gholdengo|Protect\n|move|p1a: Sneasler|Throat Chop|p2a: Gholdengo\n|-activate|p2a: Gholdengo|move: Protect\n|move|p1b: Indeedee|Expanding Force|p2a: Gholdengo|[spread] p2b\n|-activate|p2a: Gholdengo|move: Protect\n|-damage|p2b: Tyranitar|10\/100\n|move|p2b: Tyranitar|High Horsepower|p1a: Sneasler\n|-supereffective|p1a: Sneasler\n|-damage|p1a: Sneasler|0 fnt\n|faint|p1a: Sneasler\n|\n|-weather|Sandstorm|[upkeep]\n|-damage|p1b: Indeedee|89\/100|[from] Sandstorm\n|-damage|p2b: Tyranitar|4\/100|[from] Sandstorm\n|upkeep\n|\n|t:|1733257439\n|switch|p1a: Electabuzz|Electabuzz, L50, F|38\/100\n|turn|6\n|\n|t:|1733257467\n|switch|p2a: Dondozo|Dondozo, L50, F|30\/100\n|move|p1a: Electabuzz|Electroweb|p2b: Tyranitar|[spread] p2a,p2b\n|-supereffective|p2a: Dondozo\n|-damage|p2a: Dondozo|4\/100\n|-damage|p2b: Tyranitar|0 fnt\n|-unboost|p2a: Dondozo|spe|1\n|faint|p2b: Tyranitar\n|move|p1b: Indeedee|Expanding Force|p2a: Dondozo\n|-damage|p2a: Dondozo|0 fnt\n|faint|p2a: Dondozo\n|\n|-weather|none\n|upkeep\n|\n|t:|1733257469\n|switch|p2b: Gholdengo|Gholdengo, L50|46\/100\n|switch|p2a: Tatsugiri|Tatsugiri, L50, M|84\/100\n|turn|7\n|\n|t:|1733257499\n|move|p1b: Indeedee|Protect|p1b: Indeedee\n|-singleturn|p1b: Indeedee|Protect\n|move|p2a: Tatsugiri|Icy Wind|p1a: Electabuzz|[spread] p1a\n|-activate|p1b: Indeedee|move: Protect\n|-damage|p1a: Electabuzz|24\/100\n|-unboost|p1a: Electabuzz|spe|1\n|move|p2b: Gholdengo|Make It Rain|p1b: Indeedee|[spread] p1a\n|-activate|p1b: Indeedee|move: Protect\n|-resisted|p1a: Electabuzz\n|-damage|p1a: Electabuzz|0 fnt\n|-unboost|p2b: Gholdengo|spa|1\n|faint|p1a: Electabuzz\n|-damage|p2b: Gholdengo|36\/100|[from] item: Life Orb\n|\n|upkeep\n|turn|8\n|\n|t:|1733257525\n|move|p2b: Gholdengo|Protect|p2b: Gholdengo\n|-singleturn|p2b: Gholdengo|Protect\n|move|p2a: Tatsugiri|Icy Wind|p1b: Indeedee\n|-damage|p1b: Indeedee|58\/100\n|-unboost|p1b: Indeedee|spe|1\n|move|p1b: Indeedee|Expanding Force|p2a: Tatsugiri|[spread] p2a\n|-activate|p2b: Gholdengo|move: Protect\n|-damage|p2a: Tatsugiri|19\/100\n|\n|-fieldend|move: Psychic Terrain\n|upkeep\n|turn|9\n|\n|t:|1733257532\n|move|p2a: Tatsugiri|Icy Wind|p1b: Indeedee\n|-crit|p1b: Indeedee\n|-damage|p1b: Indeedee|16\/100\n|-unboost|p1b: Indeedee|spe|1\n|move|p2b: Gholdengo|Make It Rain|p1b: Indeedee\n|-damage|p1b: Indeedee|0 fnt\n|-unboost|p2b: Gholdengo|spa|1\n|faint|p1b: Indeedee\n|-damage|p2b: Gholdengo|26\/100|[from] item: Life Orb\n|\n|win|insertable194\n|raw|rgktest's rating: 1693 &rarr; <strong>1672<\/strong><br \/>(-21 for losing)\n|raw|insertable194's rating: 1670 &rarr; <strong>1691<\/strong><br \/>(+21 for winning)\n|l|\u2606rgktest\n|player|p1|\n","uploadtime":1733257709,"views":16,"formatid":"gen9vgc2024regh","rating":1672,"private":0,"password":null}