{"id":"gen9vgc2024regh-2256946475","format":"[Gen 9] VGC 2024 Reg H","players":["corndog7","totolaw"],"log":"|j|\u2606corndog7\n|j|\u2606totolaw\n|t:|1733362390\n|gametype|doubles\n|player|p1|corndog7|linebacker|1790\n|player|p2|totolaw|101|1709\n|teamsize|p1|6\n|teamsize|p2|6\n|gen|9\n|tier|[Gen 9] VGC 2024 Reg H\n|rated|\n|rule|Species Clause: Limit one of each Pok\u00e9mon\n|rule|Item Clause: Limit 1 of each item\n|clearpoke\n|poke|p1|Primarina, L50, M|\n|poke|p1|Volcarona, L50, F|\n|poke|p1|Kingambit, L50, M|\n|poke|p1|Sneasler, L50, M|\n|poke|p1|Rillaboom, L50, F|\n|poke|p1|Gholdengo, L50|\n|poke|p2|Indeedee-F, L50, F|\n|poke|p2|Armarouge, L50, M|\n|poke|p2|Ninetales-Alola, L50, F|\n|poke|p2|Sneasler, L50, M|\n|poke|p2|Ursaluna-Bloodmoon, L50, M|\n|poke|p2|Kingambit, L50, M|\n|teampreview|4\n|inactive|Battle timer is ON: inactive players will automatically lose when time's up. (requested by corndog7)\n|inactive|corndog7 has 60 seconds left.\n|\n|t:|1733362423\n|start\n|switch|p1a: Volcarona|Volcarona, L50, F|100\/100\n|switch|p1b: Primarina|Primarina, L50, M|100\/100\n|switch|p2a: Indeedee|Indeedee-F, L50, F|100\/100\n|switch|p2b: Armarouge|Armarouge, L50, M|100\/100\n|-fieldstart|move: Psychic Terrain|[from] ability: Psychic Surge|[of] p2a: Indeedee\n|turn|1\n|\n|t:|1733362443\n|-terastallize|p1a: Volcarona|Dragon\n|move|p2a: Indeedee|Helping Hand|p2b: Armarouge\n|-singleturn|p2b: Armarouge|Helping Hand|[of] p2a: Indeedee\n|move|p1a: Volcarona|Struggle Bug|p2b: Armarouge|[spread] p2a,p2b\n|-supereffective|p2a: Indeedee\n|-damage|p2a: Indeedee|70\/100\n|-damage|p2b: Armarouge|83\/100\n|-unboost|p2a: Indeedee|spa|1\n|-unboost|p2b: Armarouge|spa|1\n|move|p2b: Armarouge|Expanding Force|p1a: Volcarona|[spread] p1a,p1b\n|-damage|p1a: Volcarona|44\/100\n|-damage|p1b: Primarina|29\/100\n|move|p1b: Primarina|Hyper Voice|p2a: Indeedee|[spread] p2a,p2b\n|-supereffective|p2b: Armarouge\n|-damage|p2a: Indeedee|37\/100\n|-damage|p2b: Armarouge|3\/100\n|-enditem|p1b: Primarina|Throat Spray\n|-boost|p1b: Primarina|spa|1|[from] item: Throat Spray\n|\n|upkeep\n|turn|2\n|inactive|corndog7 has 30 seconds left.\n|\n|t:|1733362474\n|switch|p1b: Rillaboom|Rillaboom, L50, F|100\/100\n|-fieldstart|move: Grassy Terrain|[from] ability: Grassy Surge|[of] p1b: Rillaboom\n|move|p2b: Armarouge|Wide Guard|p2b: Armarouge\n|-singleturn|p2b: Armarouge|Wide Guard\n|move|p1a: Volcarona|Quiver Dance|p1a: Volcarona\n|-boost|p1a: Volcarona|spa|1\n|-boost|p1a: Volcarona|spd|1\n|-boost|p1a: Volcarona|spe|1\n|move|p2a: Indeedee|Dazzling Gleam|p1b: Rillaboom|[spread] p1a,p1b\n|-supereffective|p1a: Volcarona\n|-damage|p1a: Volcarona|34\/100\n|-damage|p1b: Rillaboom|93\/100\n|\n|-heal|p1a: Volcarona|41\/100|[from] Grassy Terrain\n|-heal|p2a: Indeedee|43\/100|[from] Grassy Terrain\n|-heal|p1b: Rillaboom|99\/100|[from] Grassy Terrain\n|-heal|p2b: Armarouge|9\/100|[from] Grassy Terrain\n|upkeep\n|turn|3\n|inactive|corndog7 has 30 seconds left.\n|inactive|totolaw has 30 seconds left.\n|inactive|corndog7 has 20 seconds left.\n|\n|t:|1733362511\n|switch|p2a: Sneasler|Sneasler, L50, M|100\/100\n|move|p2b: Armarouge|Protect||[still]\n|-fail|p2b: Armarouge\n|move|p1b: Rillaboom|Grassy Glide|p2b: Armarouge\n|-resisted|p2b: Armarouge\n|-damage|p2b: Armarouge|0 fnt\n|faint|p2b: Armarouge\n|move|p1a: Volcarona|Heat Wave|p2a: Sneasler\n|-damage|p2a: Sneasler|19\/100\n|\n|-heal|p1a: Volcarona|47\/100|[from] Grassy Terrain\n|-heal|p2a: Sneasler|24\/100|[from] Grassy Terrain\n|-heal|p1b: Rillaboom|100\/100|[from] Grassy Terrain\n|upkeep\n|\n|t:|1733362524\n|switch|p2b: Indeedee|Indeedee-F, L50, F|43\/100\n|-fieldstart|move: Psychic Terrain|[from] ability: Psychic Surge|[of] p2b: Indeedee\n|-enditem|p2a: Sneasler|Psychic Seed\n|-boost|p2a: Sneasler|spd|1|[from] item: Psychic Seed\n|turn|4\n|\n|t:|1733362547\n|switch|p1b: Primarina|Primarina, L50, M|29\/100\n|move|p2b: Indeedee|Follow Me|p2b: Indeedee\n|-singleturn|p2b: Indeedee|move: Follow Me\n|move|p2a: Sneasler|Dire Claw|p1a: Volcarona\n|-damage|p1a: Volcarona|0 fnt\n|faint|p1a: Volcarona\n|\n|upkeep\n|\n|t:|1733362557\n|switch|p1a: Rillaboom|Rillaboom, L50, F|100\/100\n|-fieldstart|move: Grassy Terrain|[from] ability: Grassy Surge|[of] p1a: Rillaboom\n|turn|5\n|\n|t:|1733362569\n|move|p2a: Sneasler|Protect|p2a: Sneasler\n|-singleturn|p2a: Sneasler|Protect\n|move|p1a: Rillaboom|Fake Out|p2a: Sneasler\n|-activate|p2a: Sneasler|move: Protect\n|move|p2b: Indeedee|Dazzling Gleam|p1b: Primarina|[spread] p1a,p1b\n|-damage|p1a: Rillaboom|91\/100\n|-damage|p1b: Primarina|19\/100\n|move|p1b: Primarina|Hyper Voice|p2a: Sneasler|[spread] p2b\n|-activate|p2a: Sneasler|move: Protect\n|-damage|p2b: Indeedee|12\/100\n|\n|-heal|p2a: Sneasler|30\/100|[from] Grassy Terrain\n|-heal|p2b: Indeedee|19\/100|[from] Grassy Terrain\n|-heal|p1a: Rillaboom|97\/100|[from] Grassy Terrain\n|-heal|p1b: Primarina|25\/100|[from] Grassy Terrain\n|upkeep\n|turn|6\n|inactive|totolaw has 30 seconds left.\n|\n|t:|1733362600\n|move|p2b: Indeedee|Helping Hand|p2a: Sneasler\n|-singleturn|p2a: Sneasler|Helping Hand|[of] p2b: Indeedee\n|move|p1b: Primarina|Protect|p1b: Primarina\n|-singleturn|p1b: Primarina|Protect\n|move|p1a: Rillaboom|Grassy Glide|p2a: Sneasler\n|-resisted|p2a: Sneasler\n|-damage|p2a: Sneasler|0 fnt\n|faint|p2a: Sneasler\n|\n|-heal|p2b: Indeedee|25\/100|[from] Grassy Terrain\n|-heal|p1a: Rillaboom|100\/100|[from] Grassy Terrain\n|-heal|p1b: Primarina|31\/100|[from] Grassy Terrain\n|upkeep\n|\n|t:|1733362612\n|switch|p2a: Ninetales|Ninetales-Alola, L50, F|100\/100\n|-weather|Snow|[from] ability: Snow Warning|[of] p2a: Ninetales\n|turn|7\n|\n|t:|1733362623\n|-terastallize|p2a: Ninetales|Ice\n|move|p2b: Indeedee|Helping Hand|p2a: Ninetales\n|-singleturn|p2a: Ninetales|Helping Hand|[of] p2b: Indeedee\n|move|p1b: Primarina|Helping Hand|p1a: Rillaboom\n|-singleturn|p1a: Rillaboom|Helping Hand|[of] p1b: Primarina\n|move|p1a: Rillaboom|Grassy Glide|p2a: Ninetales\n|-damage|p2a: Ninetales|38\/100\n|move|p2a: Ninetales|Blizzard|p1b: Primarina|[spread] p1a,p1b\n|-supereffective|p1a: Rillaboom\n|-resisted|p1b: Primarina\n|-damage|p1a: Rillaboom|2\/100\n|-damage|p1b: Primarina|5\/100\n|-status|p1a: Rillaboom|frz\n|\n|-weather|Snow|[upkeep]\n|-heal|p2a: Ninetales|44\/100|[from] Grassy Terrain\n|-heal|p1a: Rillaboom|8\/100 frz|[from] Grassy Terrain\n|-heal|p2b: Indeedee|31\/100|[from] Grassy Terrain\n|-heal|p1b: Primarina|11\/100|[from] Grassy Terrain\n|upkeep\n|turn|8\n|\n|t:|1733362647\n|move|p1b: Primarina|Protect|p1b: Primarina\n|-singleturn|p1b: Primarina|Protect\n|cant|p1a: Rillaboom|frz\n|move|p2a: Ninetales|Encore|p1b: Primarina\n|-activate|p1b: Primarina|move: Protect\n|move|p2b: Indeedee|Dazzling Gleam|p1b: Primarina|[spread] p1a\n|-activate|p1b: Primarina|move: Protect\n|-damage|p1a: Rillaboom|0 fnt\n|faint|p1a: Rillaboom\n|\n|-weather|Snow|[upkeep]\n|-heal|p2a: Ninetales|50\/100|[from] Grassy Terrain\n|-heal|p2b: Indeedee|37\/100|[from] Grassy Terrain\n|-heal|p1b: Primarina|17\/100|[from] Grassy Terrain\n|upkeep\n|j| Wanshanmeiyangcui\n|\n|t:|1733362664\n|switch|p1a: Kingambit|Kingambit, L50, M|100\/100\n|turn|9\n|\n|t:|1733362678\n|move|p2b: Indeedee|Helping Hand|p2a: Ninetales\n|-singleturn|p2a: Ninetales|Helping Hand|[of] p2b: Indeedee\n|move|p1a: Kingambit|Sucker Punch|p2a: Ninetales\n|-damage|p2a: Ninetales|0 fnt\n|faint|p2a: Ninetales\n|move|p1b: Primarina|Hyper Voice|p2b: Indeedee\n|-damage|p2b: Indeedee|0 fnt\n|faint|p2b: Indeedee\n|\n|win|corndog7\n|raw|corndog7's rating: 1790 &rarr; <strong>1805<\/strong><br \/>(+15 for winning)\n|raw|totolaw's rating: 1709 &rarr; <strong>1694<\/strong><br \/>(-15 for losing)\n|l|\u2606totolaw\n|player|p2|\n|l|\u2606corndog7\n|player|p1|\n|l| Wanshanmeiyangcui\n","uploadtime":1733362928,"views":4,"formatid":"gen9vgc2024regh","rating":1694,"private":0,"password":null}