{"id":"gen9vgc2024regh-2256568177","format":"[Gen 9] VGC 2024 Reg H","players":["juacox300","fabriga"],"log":"|j|\u2606juacox300\n|j|\u2606fabriga\n|t:|1733322887\n|gametype|doubles\n|player|p1|juacox300|unknown|1712\n|player|p2|fabriga|101|1696\n|teamsize|p1|6\n|teamsize|p2|6\n|gen|9\n|tier|[Gen 9] VGC 2024 Reg H\n|rated|\n|rule|Species Clause: Limit one of each Pok\u00e9mon\n|rule|Item Clause: Limit 1 of each item\n|clearpoke\n|poke|p1|Murkrow, L50, M|\n|poke|p1|Ursaluna, L50, F|\n|poke|p1|Sneasler, L50, M|\n|poke|p1|Indeedee, L50, M|\n|poke|p1|Archaludon, L50, M|\n|poke|p1|Incineroar, L50, F|\n|poke|p2|Pelipper, L50, F|\n|poke|p2|Dragonite, L50, M|\n|poke|p2|Gholdengo, L50|\n|poke|p2|Ursaluna, L50, F|\n|poke|p2|Archaludon, L50, F|\n|poke|p2|Sinistcha-Masterpiece, L50|\n|teampreview|4\n|\n|t:|1733322932\n|start\n|switch|p1a: Tommau|Sneasler, L50, M|100\/100\n|switch|p1b: Alfred|Indeedee, L50, M, shiny|100\/100\n|switch|p2a: Dragonite|Dragonite, L50, M|100\/100\n|switch|p2b: Archaludon|Archaludon, L50, F|100\/100\n|-fieldstart|move: Psychic Terrain|[from] ability: Psychic Surge|[of] p1b: Alfred\n|-enditem|p1a: Tommau|Psychic Seed\n|-boost|p1a: Tommau|spd|1|[from] item: Psychic Seed\n|turn|1\n|\n|t:|1733322943\n|switch|p1b: Archaludon|Archaludon, L50, M, shiny|100\/100\n|switch|p2b: Gholdengo|Gholdengo, L50|100\/100\n|move|p1a: Tommau|Protect|p1a: Tommau\n|-singleturn|p1a: Tommau|Protect\n|move|p2a: Dragonite|Scale Shot|p1a: Tommau\n|-activate|p1a: Tommau|move: Protect\n|\n|upkeep\n|turn|2\n|\n|t:|1733322958\n|move|p1a: Tommau|Dire Claw|p2a: Dragonite\n|-damage|p2a: Dragonite|76\/100\n|-status|p2a: Dragonite|psn\n|move|p2b: Gholdengo|Trick|p1b: Archaludon\n|-activate|p2b: Gholdengo|move: Trick|[of] p1b: Archaludon\n|-item|p1b: Archaludon|Choice Scarf|[from] move: Trick\n|-item|p2b: Gholdengo|Power Herb|[from] move: Trick\n|move|p1b: Archaludon|Electro Shot||[still]\n|-prepare|p1b: Archaludon|Electro Shot\n|-boost|p1b: Archaludon|spa|1\n|move|p2a: Dragonite|Scale Shot|p1a: Tommau\n|-damage|p1a: Tommau|73\/100\n|-damage|p1a: Tommau|48\/100\n|-damage|p1a: Tommau|20\/100\n|-damage|p1a: Tommau|0 fnt\n|faint|p1a: Tommau\n|-hitcount|p1: Tommau|4\n|-unboost|p2a: Dragonite|def|1\n|-boost|p2a: Dragonite|spe|1\n|\n|-damage|p2a: Dragonite|64\/100 psn|[from] psn\n|upkeep\n|\n|t:|1733322967\n|switch|p1a: Murkrow|Murkrow, L50, M|100\/100\n|turn|3\n|\n|t:|1733323006\n|move|p1a: Murkrow|Tailwind|p1a: Murkrow\n|-sidestart|p1: juacox300|move: Tailwind\n|move|p1b: Archaludon|Electro Shot|p2a: Dragonite|[from]lockedmove\n|-damage|p2a: Dragonite|0 fnt\n|faint|p2a: Dragonite\n|move|p2b: Gholdengo|Power Gem|p1a: Murkrow\n|-supereffective|p1a: Murkrow\n|-damage|p1a: Murkrow|52\/100\n|\n|upkeep\n|\n|t:|1733323015\n|switch|p2a: Archaludon|Archaludon, L50, F|100\/100\n|turn|4\n|\n|t:|1733323032\n|move|p1a: Murkrow|Rain Dance|p1a: Murkrow\n|-weather|RainDance\n|move|p1b: Archaludon|Electro Shot||[still]\n|-prepare|p1b: Archaludon|Electro Shot\n|-boost|p1b: Archaludon|spa|1\n|-anim|p1b: Archaludon|Electro Shot|p2b: Gholdengo\n|-damage|p2b: Gholdengo|0 fnt\n|faint|p2b: Gholdengo\n|move|p2a: Archaludon|Body Press|p1b: Archaludon\n|-supereffective|p1b: Archaludon\n|-damage|p1b: Archaludon|68\/100\n|-ability|p1b: Archaludon|Stamina|boost\n|-boost|p1b: Archaludon|def|1\n|\n|-weather|RainDance|[upkeep]\n|upkeep\n|\n|t:|1733323041\n|switch|p2b: Sinistcha|Sinistcha-Masterpiece, L50|100\/100\n|turn|5\n|\n|t:|1733323047\n|move|p1b: Archaludon|Electro Shot||[still]\n|-prepare|p1b: Archaludon|Electro Shot\n|-boost|p1b: Archaludon|spa|1\n|-anim|p1b: Archaludon|Electro Shot|p2b: Sinistcha\n|-resisted|p2b: Sinistcha\n|-damage|p2b: Sinistcha|49\/100\n|-enditem|p2b: Sinistcha|Sitrus Berry|[eat]\n|-heal|p2b: Sinistcha|74\/100|[from] item: Sitrus Berry\n|move|p1a: Murkrow|Brave Bird|p2b: Sinistcha\n|-supereffective|p2b: Sinistcha\n|-damage|p2b: Sinistcha|19\/100\n|-damage|p1a: Murkrow|31\/100|[from] Recoil\n|move|p2a: Archaludon|Electro Shot||[still]\n|-prepare|p2a: Archaludon|Electro Shot\n|-boost|p2a: Archaludon|spa|1\n|-anim|p2a: Archaludon|Electro Shot|p1a: Murkrow\n|-supereffective|p1a: Murkrow\n|-damage|p1a: Murkrow|0 fnt\n|faint|p1a: Murkrow\n|move|p2b: Sinistcha|Trick Room|p2b: Sinistcha\n|-fieldstart|move: Trick Room|[of] p2b: Sinistcha\n|\n|-weather|RainDance|[upkeep]\n|-fieldend|move: Psychic Terrain\n|upkeep\n|\n|t:|1733323054\n|switch|p1a: Alfred|Indeedee, L50, M, shiny|100\/100\n|-fieldstart|move: Psychic Terrain|[from] ability: Psychic Surge|[of] p1a: Alfred\n|turn|6\n|\n|t:|1733323074\n|-terastallize|p2b: Sinistcha|Dark\n|move|p2b: Sinistcha|Matcha Gotcha|p1a: Alfred|[spread] p1a,p1b\n|-resisted|p1b: Archaludon\n|-damage|p1a: Alfred|67\/100\n|-heal|p2b: Sinistcha|32\/100|[from] drain|[of] p1a: Alfred\n|-damage|p1b: Archaludon|61\/100\n|-heal|p2b: Sinistcha|36\/100|[from] drain|[of] p1b: Archaludon\n|-status|p1a: Alfred|brn\n|-status|p1b: Archaludon|brn\n|-ability|p1b: Archaludon|Stamina|boost\n|-boost|p1b: Archaludon|def|1\n|move|p2a: Archaludon|Electro Shot||[still]\n|-prepare|p2a: Archaludon|Electro Shot\n|-boost|p2a: Archaludon|spa|1\n|-anim|p2a: Archaludon|Electro Shot|p1b: Archaludon\n|-resisted|p1b: Archaludon\n|-damage|p1b: Archaludon|12\/100 brn\n|-ability|p1b: Archaludon|Stamina|boost\n|-boost|p1b: Archaludon|def|1\n|move|p1b: Archaludon|Electro Shot||[still]\n|-prepare|p1b: Archaludon|Electro Shot\n|-boost|p1b: Archaludon|spa|1\n|-anim|p1b: Archaludon|Electro Shot|p2b: Sinistcha\n|-damage|p2b: Sinistcha|0 fnt\n|faint|p2b: Sinistcha\n|move|p1a: Alfred|Trick Room|p1a: Alfred\n|-fieldend|move: Trick Room\n|\n|-weather|RainDance|[upkeep]\n|-damage|p1a: Alfred|61\/100 brn|[from] brn\n|-damage|p1b: Archaludon|6\/100 brn|[from] brn\n|-sideend|p1: juacox300|move: Tailwind\n|upkeep\n|turn|7\n|\n|t:|1733323089\n|move|p1b: Archaludon|Electro Shot||[still]\n|-prepare|p1b: Archaludon|Electro Shot\n|-boost|p1b: Archaludon|spa|1\n|-anim|p1b: Archaludon|Electro Shot|p2a: Archaludon\n|-resisted|p2a: Archaludon\n|-damage|p2a: Archaludon|48\/100\n|-ability|p2a: Archaludon|Stamina|boost\n|-boost|p2a: Archaludon|def|1\n|move|p2a: Archaludon|Snarl|p1a: Alfred|[spread] p1a,p1b\n|-supereffective|p1a: Alfred\n|-damage|p1a: Alfred|0 fnt\n|-damage|p1b: Archaludon|0 fnt\n|faint|p1a: Alfred\n|faint|p1b: Archaludon\n|\n|win|fabriga\n|raw|juacox300's rating: 1712 &rarr; <strong>1691<\/strong><br \/>(-21 for losing)\n|raw|fabriga's rating: 1696 &rarr; <strong>1717<\/strong><br \/>(+21 for winning)\n|l|\u2606juacox300\n|player|p1|\n|l|\u2606fabriga\n|player|p2|\n","uploadtime":1733323190,"views":6,"formatid":"gen9vgc2024regh","rating":1691,"private":0,"password":null}