{"id":"gen9vgc2024regh-2257231809","format":"[Gen 9] VGC 2024 Reg H","players":["Tripledeluxer","zodipodi"],"log":"|j|\u2606Tripledeluxer\n|j|\u2606zodipodi\n|t:|1733407505\n|gametype|doubles\n|player|p1|Tripledeluxer|riley|1674\n|player|p2|zodipodi|265|1711\n|teamsize|p1|6\n|teamsize|p2|6\n|gen|9\n|tier|[Gen 9] VGC 2024 Reg H\n|rated|\n|rule|Species Clause: Limit one of each Pok\u00e9mon\n|rule|Item Clause: Limit 1 of each item\n|clearpoke\n|poke|p1|Sinistcha, L50|\n|poke|p1|Kingambit, L50, F|\n|poke|p1|Garchomp, L50, F|\n|poke|p1|Tyranitar, L50, F|\n|poke|p1|Weezing-Galar, L50, F|\n|poke|p1|Corviknight, L50, M|\n|poke|p2|Dragonite, L50, M|\n|poke|p2|Annihilape, L50, F|\n|poke|p2|Whimsicott, L50, M|\n|poke|p2|Ursaluna-Bloodmoon, L50, M|\n|poke|p2|Volcarona, L50, F|\n|poke|p2|Gholdengo, L50|\n|teampreview|4\n|\n|t:|1733407531\n|start\n|switch|p1a: Weezing|Weezing-Galar, L50, F|100\/100\n|switch|p1b: Garchomp|Garchomp, L50, F|100\/100\n|switch|p2a: Annihilape|Annihilape, L50, F|100\/100\n|switch|p2b: Whimsicott|Whimsicott, L50, M|100\/100\n|-fieldstart|move: Misty Terrain|[from] ability: Misty Surge|[of] p1a: Weezing\n|turn|1\n|\n|t:|1733407564\n|move|p1b: Garchomp|Protect|p1b: Garchomp\n|-singleturn|p1b: Garchomp|Protect\n|move|p2b: Whimsicott|Beat Up|p2a: Annihilape\n|-damage|p2a: Annihilape|98\/100\n|-damage|p2a: Annihilape|95\/100\n|-damage|p2a: Annihilape|93\/100\n|-damage|p2a: Annihilape|91\/100\n|-hitcount|p2a: Annihilape|4\n|move|p2a: Annihilape|Rage Fist|p1b: Garchomp\n|-activate|p1b: Garchomp|move: Protect\n|move|p1a: Weezing|Sludge Wave|p2b: Whimsicott|[spread] p2a,p2b\n|-activate|p1b: Garchomp|move: Protect\n|-resisted|p2a: Annihilape\n|-supereffective|p2b: Whimsicott\n|-damage|p2a: Annihilape|72\/100\n|-enditem|p2b: Whimsicott|Focus Sash\n|-damage|p2b: Whimsicott|1\/100\n|\n|upkeep\n|turn|2\n|\n|t:|1733407580\n|switch|p1b: Kingambit|Kingambit, L50, F|100\/100\n|move|p2b: Whimsicott|Encore|p1b: Kingambit\n|-hint|Since gen 7, Dark is immune to Prankster moves.\n|-immune|p1b: Kingambit\n|move|p2a: Annihilape|Rage Fist|p1a: Weezing\n|-damage|p1a: Weezing|12\/100\n|move|p1a: Weezing|Sludge Wave|p2a: Annihilape|[spread] p2a,p2b\n|-immune|p1b: Kingambit\n|-resisted|p2a: Annihilape\n|-supereffective|p2b: Whimsicott\n|-damage|p2a: Annihilape|53\/100\n|-damage|p2b: Whimsicott|0 fnt\n|faint|p2b: Whimsicott\n|\n|upkeep\n|\n|t:|1733407590\n|switch|p2b: Ursaluna|Ursaluna-Bloodmoon, L50, M|100\/100\n|turn|3\n|\n|t:|1733407601\n|switch|p1a: Corviknight|Corviknight, L50, M|100\/100\n|-enditem|p1a: Corviknight|Misty Seed\n|-boost|p1a: Corviknight|spd|1|[from] item: Misty Seed\n|move|p1b: Kingambit|Protect|p1b: Kingambit\n|-singleturn|p1b: Kingambit|Protect\n|move|p2a: Annihilape|Coaching|p2b: Ursaluna\n|-boost|p2b: Ursaluna|atk|1\n|-boost|p2b: Ursaluna|def|1\n|move|p2b: Ursaluna|Blood Moon|p1b: Kingambit\n|-activate|p1b: Kingambit|move: Protect\n|\n|upkeep\n|turn|4\n|\n|t:|1733407621\n|-terastallize|p1b: Kingambit|Ghost\n|move|p2b: Ursaluna|Vacuum Wave|p1b: Kingambit\n|-crit|p1b: Kingambit\n|-damage|p1b: Kingambit|77\/100\n|move|p2a: Annihilape|Coaching|p2b: Ursaluna\n|-boost|p2b: Ursaluna|atk|1\n|-boost|p2b: Ursaluna|def|1\n|move|p1a: Corviknight|Bulk Up|p1a: Corviknight\n|-boost|p1a: Corviknight|atk|1\n|-boost|p1a: Corviknight|def|1\n|move|p1b: Kingambit|Kowtow Cleave|p2a: Annihilape\n|-damage|p2a: Annihilape|0 fnt\n|faint|p2a: Annihilape\n|\n|upkeep\n|\n|t:|1733407624\n|switch|p2a: Gholdengo|Gholdengo, L50|100\/100\n|turn|5\n|\n|t:|1733407634\n|move|p1b: Kingambit|Sucker Punch|p2b: Ursaluna\n|-damage|p2b: Ursaluna|83\/100\n|move|p2a: Gholdengo|Nasty Plot|p2a: Gholdengo\n|-boost|p2a: Gholdengo|spa|2\n|move|p1a: Corviknight|Brave Bird|p2b: Ursaluna\n|-damage|p2b: Ursaluna|62\/100\n|-damage|p1a: Corviknight|94\/100|[from] Recoil\n|move|p2b: Ursaluna|Blood Moon|p1b: Kingambit\n|-damage|p1b: Kingambit|1\/100\n|\n|-fieldend|Misty Terrain\n|upkeep\n|turn|6\n|\n|t:|1733407653\n|move|p2b: Ursaluna|Vacuum Wave|p1b: Kingambit\n|-damage|p1b: Kingambit|0 fnt\n|faint|p1b: Kingambit\n|move|p2a: Gholdengo|Nasty Plot|p2a: Gholdengo\n|-boost|p2a: Gholdengo|spa|2\n|move|p1a: Corviknight|Bulk Up|p1a: Corviknight\n|-boost|p1a: Corviknight|atk|1\n|-boost|p1a: Corviknight|def|1\n|\n|upkeep\n|\n|t:|1733407658\n|switch|p1b: Garchomp|Garchomp, L50, F|100\/100\n|turn|7\n|\n|t:|1733407675\n|move|p1b: Garchomp|Protect|p1b: Garchomp\n|-singleturn|p1b: Garchomp|Protect\n|move|p2a: Gholdengo|Protect|p2a: Gholdengo\n|-singleturn|p2a: Gholdengo|Protect\n|move|p1a: Corviknight|Brave Bird|p2b: Ursaluna\n|-damage|p2b: Ursaluna|36\/100\n|-damage|p1a: Corviknight|85\/100|[from] Recoil\n|move|p2b: Ursaluna|Blood Moon|p1b: Garchomp\n|-activate|p1b: Garchomp|move: Protect\n|\n|upkeep\n|turn|8\n|\n|t:|1733407686\n|-terastallize|p2a: Gholdengo|Flying\n|move|p2b: Ursaluna|Vacuum Wave|p1b: Garchomp\n|-damage|p1b: Garchomp|83\/100\n|move|p1b: Garchomp|Earthquake|p2a: Gholdengo|[spread] p2b\n|-immune|p1a: Corviknight\n|-immune|p2a: Gholdengo\n|-damage|p2b: Ursaluna|20\/100\n|move|p2a: Gholdengo|Shadow Ball|p1b: Garchomp\n|-damage|p1b: Garchomp|0 fnt\n|faint|p1b: Garchomp\n|-damage|p2a: Gholdengo|91\/100|[from] item: Life Orb\n|move|p1a: Corviknight|Brave Bird|p2b: Ursaluna\n|-damage|p2b: Ursaluna|0 fnt\n|faint|p2b: Ursaluna\n|-damage|p1a: Corviknight|78\/100|[from] Recoil\n|\n|upkeep\n|\n|t:|1733407690\n|switch|p1b: Weezing|Weezing-Galar, L50, F|12\/100\n|-fieldstart|move: Misty Terrain|[from] ability: Misty Surge|[of] p1b: Weezing\n|turn|9\n|\n|t:|1733407709\n|move|p2a: Gholdengo|Make It Rain|p1b: Weezing|[spread] p1a,p1b\n|-resisted|p1a: Corviknight\n|-supereffective|p1b: Weezing\n|-damage|p1a: Corviknight|37\/100\n|-damage|p1b: Weezing|0 fnt\n|-unboost|p2a: Gholdengo|spa|1\n|faint|p1b: Weezing\n|-damage|p2a: Gholdengo|81\/100|[from] item: Life Orb\n|move|p1a: Corviknight|Brave Bird|p2a: Gholdengo\n|-damage|p2a: Gholdengo|0 fnt\n|faint|p2a: Gholdengo\n|-damage|p1a: Corviknight|16\/100|[from] Recoil\n|\n|win|Tripledeluxer\n|raw|Tripledeluxer's rating: 1674 &rarr; <strong>1696<\/strong><br \/>(+22 for winning)\n|raw|zodipodi's rating: 1711 &rarr; <strong>1689<\/strong><br \/>(-22 for losing)\n|l|\u2606zodipodi\n|player|p2|\n","uploadtime":1733407731,"views":14,"formatid":"gen9vgc2024regh","rating":1689,"private":0,"password":null}