{"id":"gen9vgc2024regh-2257868193","format":"[Gen 9] VGC 2024 Reg H","players":["Riemann39","Feige Sau"],"log":"|j|\u2606Riemann39\n|j|\u2606Feige Sau\n|t:|1733491227\n|gametype|doubles\n|player|p1|Riemann39|lucas|1754\n|player|p2|Feige Sau|youngster-gen2|1688\n|teamsize|p1|6\n|teamsize|p2|6\n|gen|9\n|tier|[Gen 9] VGC 2024 Reg H\n|rated|\n|rule|Species Clause: Limit one of each Pok\u00e9mon\n|rule|Item Clause: Limit 1 of each item\n|clearpoke\n|poke|p1|Whimsicott, L50, F|\n|poke|p1|Incineroar, L50, M|\n|poke|p1|Dragonite, L50, F|\n|poke|p1|Rillaboom, L50, M|\n|poke|p1|Gholdengo, L50|\n|poke|p1|Ursaluna-Bloodmoon, L50, M|\n|poke|p2|Archaludon, L50, M|\n|poke|p2|Dragonite, L50, M|\n|poke|p2|Pelipper, L50, M|\n|poke|p2|Ursaluna, L50, M|\n|poke|p2|Sinistcha, L50|\n|poke|p2|Gholdengo, L50|\n|teampreview|4\n|l|\u2606Feige Sau\n|player|p2|\n|j|\u2606Feige Sau\n|player|p2|Feige Sau|youngster-gen2|\n|inactive|Battle timer is ON: inactive players will automatically lose when time's up. (requested by Riemann39)\n|inactive|Riemann39 has 60 seconds left.\n|inactive|Feige Sau has 60 seconds left.\n|inactive|Feige Sau has 30 seconds left.\n|\n|t:|1733491318\n|start\n|switch|p1a: Whimsicott|Whimsicott, L50, F|100\/100\n|switch|p1b: Dragonite|Dragonite, L50, F|100\/100\n|switch|p2a: Dragonite|Dragonite, L50, M|100\/100\n|switch|p2b: Ursaluna|Ursaluna, L50, M, shiny|100\/100\n|turn|1\n|inactive|Feige Sau has 30 seconds left.\n|inactive|Feige Sau has 20 seconds left.\n|inactive|Feige Sau has 15 seconds left.\n|\n|t:|1733491360\n|-terastallize|p2a: Dragonite|Fairy\n|move|p2b: Ursaluna|Protect|p2b: Ursaluna\n|-singleturn|p2b: Ursaluna|Protect\n|move|p1a: Whimsicott|Moonblast|p2a: Dragonite\n|-damage|p2a: Dragonite|83\/100\n|-unboost|p2a: Dragonite|spa|1\n|move|p1b: Dragonite|Scale Shot|p2a: Dragonite\n|-immune|p2a: Dragonite\n|move|p2a: Dragonite|Tailwind|p2a: Dragonite\n|-sidestart|p2: Feige Sau|move: Tailwind\n|\n|-status|p2b: Ursaluna|brn|[from] item: Flame Orb\n|upkeep\n|turn|2\n|inactive|Riemann39 has 30 seconds left.\n|inactive|Feige Sau has 30 seconds left.\n|inactive|Riemann39 has 20 seconds left.\n|inactive|Feige Sau has 20 seconds left.\n|inactive|Feige Sau has 15 seconds left.\n|\n|t:|1733491405\n|-terastallize|p1b: Dragonite|Steel\n|move|p1a: Whimsicott|Encore|p2b: Ursaluna\n|-start|p2b: Ursaluna|Encore\n|move|p2a: Dragonite|Scale Shot|p1b: Dragonite\n|-resisted|p1b: Dragonite\n|-damage|p1b: Dragonite|97\/100\n|-resisted|p1b: Dragonite\n|-damage|p1b: Dragonite|88\/100\n|-resisted|p1b: Dragonite\n|-damage|p1b: Dragonite|80\/100\n|-resisted|p1b: Dragonite\n|-damage|p1b: Dragonite|71\/100\n|-hitcount|p1b: Dragonite|4\n|-unboost|p2a: Dragonite|def|1\n|-boost|p2a: Dragonite|spe|1\n|move|p2b: Ursaluna|Protect||[still]\n|-fail|p2b: Ursaluna\n|move|p1b: Dragonite|Scale Shot|p2b: Ursaluna\n|-damage|p2b: Ursaluna|90\/100 brn\n|-damage|p2b: Ursaluna|80\/100 brn\n|-damage|p2b: Ursaluna|68\/100 brn\n|-damage|p2b: Ursaluna|57\/100 brn\n|-hitcount|p2b: Ursaluna|4\n|-unboost|p1b: Dragonite|def|1\n|-boost|p1b: Dragonite|spe|1\n|\n|-damage|p2b: Ursaluna|51\/100 brn|[from] brn\n|upkeep\n|turn|3\n|inactive|Feige Sau has 30 seconds left.\n|inactive|Riemann39 has 30 seconds left.\n|inactive|Feige Sau has 20 seconds left.\n|\n|t:|1733491444\n|switch|p1b: Gholdengo|Gholdengo, L50|100\/100\n|switch|p2b: Archaludon|Archaludon, L50, M|100\/100\n|move|p1a: Whimsicott|Tailwind|p1a: Whimsicott\n|-sidestart|p1: Riemann39|move: Tailwind\n|move|p2a: Dragonite|Scale Shot|p1b: Gholdengo\n|-resisted|p1b: Gholdengo\n|-damage|p1b: Gholdengo|93\/100\n|-resisted|p1b: Gholdengo\n|-damage|p1b: Gholdengo|85\/100\n|-resisted|p1b: Gholdengo\n|-damage|p1b: Gholdengo|77\/100\n|-resisted|p1b: Gholdengo\n|-damage|p1b: Gholdengo|69\/100\n|-hitcount|p1b: Gholdengo|4\n|-unboost|p2a: Dragonite|def|1\n|-boost|p2a: Dragonite|spe|1\n|\n|upkeep\n|turn|4\n|\n|t:|1733491468\n|switch|p2a: Pelipper|Pelipper, L50, M|100\/100\n|-weather|RainDance|[from] ability: Drizzle|[of] p2a: Pelipper\n|move|p1a: Whimsicott|Moonblast|p2b: Archaludon\n|-damage|p2b: Archaludon|73\/100\n|-ability|p2b: Archaludon|Stamina|boost\n|-boost|p2b: Archaludon|def|1\n|move|p1b: Gholdengo|Make It Rain|p2b: Archaludon|[spread] p2a,p2b\n|-resisted|p2a: Pelipper\n|-resisted|p2b: Archaludon\n|-damage|p2a: Pelipper|29\/100\n|-damage|p2b: Archaludon|48\/100\n|-unboost|p1b: Gholdengo|spa|1\n|-ability|p2b: Archaludon|Stamina|boost\n|-boost|p2b: Archaludon|def|1\n|move|p2b: Archaludon|Electro Shot||[still]\n|-prepare|p2b: Archaludon|Electro Shot\n|-boost|p2b: Archaludon|spa|1\n|-anim|p2b: Archaludon|Electro Shot|p1b: Gholdengo\n|-damage|p1b: Gholdengo|10\/100\n|\n|-weather|RainDance|[upkeep]\n|-sideend|p2: Feige Sau|move: Tailwind\n|upkeep\n|turn|5\n|inactive|Feige Sau has 30 seconds left.\n|inactive|Feige Sau has 20 seconds left.\n|inactive|Feige Sau has 15 seconds left.\n|\n|t:|1733491512\n|move|p2a: Pelipper|Protect|p2a: Pelipper\n|-singleturn|p2a: Pelipper|Protect\n|move|p1a: Whimsicott|Moonblast|p2a: Pelipper\n|-activate|p2a: Pelipper|move: Protect\n|move|p1b: Gholdengo|Make It Rain|p2b: Archaludon|[spread] p2b\n|-activate|p2a: Pelipper|move: Protect\n|-resisted|p2b: Archaludon\n|-damage|p2b: Archaludon|28\/100\n|-unboost|p1b: Gholdengo|spa|1\n|-ability|p2b: Archaludon|Stamina|boost\n|-boost|p2b: Archaludon|def|1\n|move|p2b: Archaludon|Flash Cannon|p1a: Whimsicott\n|-supereffective|p1a: Whimsicott\n|-enditem|p1a: Whimsicott|Focus Sash\n|-damage|p1a: Whimsicott|1\/100\n|\n|-weather|RainDance|[upkeep]\n|upkeep\n|turn|6\n|inactive|Feige Sau has 30 seconds left.\n|inactive|Feige Sau has 20 seconds left.\n|inactive|Feige Sau has 15 seconds left.\n|inactive|Feige Sau has 10 seconds left.\n|inactive|Feige Sau has 5 seconds left.\n|\n|t:|1733491567\n|move|p2a: Pelipper|Protect|p2a: Pelipper\n|-singleturn|p2a: Pelipper|Protect\n|move|p1a: Whimsicott|Moonblast|p2b: Archaludon\n|-damage|p2b: Archaludon|2\/100\n|-ability|p2b: Archaludon|Stamina|boost\n|-boost|p2b: Archaludon|def|1\n|move|p1b: Gholdengo|Make It Rain|p2a: Pelipper|[spread] p2b\n|-activate|p2a: Pelipper|move: Protect\n|-resisted|p2b: Archaludon\n|-damage|p2b: Archaludon|0 fnt\n|-unboost|p1b: Gholdengo|spa|1\n|faint|p2b: Archaludon\n|\n|-weather|RainDance|[upkeep]\n|-sideend|p1: Riemann39|move: Tailwind\n|upkeep\n|\n|t:|1733491578\n|switch|p2b: Dragonite|Dragonite, L50, M, tera:Fairy|83\/100\n|turn|7\n|\n|t:|1733491600\n|switch|p2a: Ursaluna|Ursaluna, L50, M, shiny|51\/100 brn\n|move|p1a: Whimsicott|Moonblast|p2a: Ursaluna\n|-damage|p2a: Ursaluna|19\/100 brn\n|-unboost|p2a: Ursaluna|spa|1\n|move|p1b: Gholdengo|Make It Rain|p2b: Dragonite|[spread] p2a,p2b\n|-supereffective|p2b: Dragonite\n|-damage|p2a: Ursaluna|0 fnt\n|-damage|p2b: Dragonite|25\/100\n|-unboost|p1b: Gholdengo|spa|1\n|faint|p2a: Ursaluna\n|move|p2b: Dragonite|Scale Shot|p1b: Gholdengo\n|-resisted|p1b: Gholdengo\n|-damage|p1b: Gholdengo|2\/100\n|-resisted|p1b: Gholdengo\n|-damage|p1b: Gholdengo|0 fnt\n|faint|p1b: Gholdengo\n|-hitcount|p1: Gholdengo|2\n|-unboost|p2b: Dragonite|def|1\n|-boost|p2b: Dragonite|spe|1\n|\n|-weather|RainDance|[upkeep]\n|upkeep\n|inactive|Riemann39 has 30 seconds left.\n|\n|t:|1733491632\n|switch|p1b: Dragonite|Dragonite, L50, F, tera:Steel|71\/100\n|switch|p2a: Pelipper|Pelipper, L50, M|29\/100\n|turn|8\n|l|\u2606Feige Sau\n|inactive|Feige Sau disconnected and has a minute to reconnect!\n|player|p2|\n|j|\u2606Feige Sau\n|inactive|Feige Sau reconnected and has 40 seconds left.\n|player|p2|Feige Sau|youngster-gen2|\n|\n|t:|1733491656\n|move|p1a: Whimsicott|Encore|p2b: Dragonite\n|-start|p2b: Dragonite|Encore\n|move|p2b: Dragonite|Scale Shot|p1b: Dragonite|[miss]\n|-miss|p2b: Dragonite|p1b: Dragonite\n|move|p1b: Dragonite|Scale Shot|p2a: Pelipper\n|-damage|p2a: Pelipper|11\/100\n|-damage|p2a: Pelipper|0 fnt\n|faint|p2a: Pelipper\n|-hitcount|p2: Pelipper|2\n|-unboost|p1b: Dragonite|def|1\n|-boost|p1b: Dragonite|spe|1\n|\n|-weather|none\n|upkeep\n|turn|9\n|-message|Feige Sau forfeited.\n|\n|win|Riemann39\n|raw|Riemann39's rating: 1767 &rarr; <strong>1783<\/strong><br \/>(+16 for winning)\n|raw|Feige Sau's rating: 1688 &rarr; <strong>1672<\/strong><br \/>(-16 for losing)\n|l|\u2606Riemann39\n|player|p1|\n|l|\u2606Feige Sau\n|player|p2|\n|j|\u2606Feige Sau\n|player|p2|Feige Sau|youngster-gen2|\n|l|\u2606Feige Sau\n|player|p2|\n|j|\u2606Feige Sau\n|player|p2|Feige Sau|youngster-gen2|\n|l|\u2606Feige Sau\n|player|p2|\n","uploadtime":1733491669,"views":29,"formatid":"gen9vgc2024regh","rating":1672,"private":0,"password":null}