{"id":"gen9vgc2024regh-2257861492","format":"[Gen 9] VGC 2024 Reg H","players":["ComputerYui","Has_Perry"],"log":"|j|\u2606ComputerYui\n|j|\u2606Has_Perry\n|t:|1733490326\n|gametype|doubles\n|player|p1|ComputerYui|169|1777\n|player|p2|Has_Perry|veteran|1717\n|teamsize|p1|6\n|teamsize|p2|6\n|gen|9\n|tier|[Gen 9] VGC 2024 Reg H\n|rated|\n|rule|Species Clause: Limit one of each Pok\u00e9mon\n|rule|Item Clause: Limit 1 of each item\n|clearpoke\n|poke|p1|Armarouge, L50, M|\n|poke|p1|Indeedee-F, L50, F|\n|poke|p1|Tauros-Paldea-Aqua, L50, M|\n|poke|p1|Meowstic-F, L50, F|\n|poke|p1|Gallade, L50, M|\n|poke|p1|Golduck, L50, M|\n|poke|p2|Dragonite, L50, M|\n|poke|p2|Tyranitar, L50, F|\n|poke|p2|Metagross, L50|\n|poke|p2|Annihilape, L50, M|\n|poke|p2|Volcarona, L50, M|\n|poke|p2|Sinistcha, L50|\n|teampreview|4\n|\n|t:|1733490355\n|start\n|switch|p1a: Gallade|Gallade, L50, M, shiny|100\/100\n|switch|p1b: Indeedee|Indeedee-F, L50, F, shiny|100\/100\n|switch|p2a: Skadoosh|Metagross, L50, shiny|100\/100\n|switch|p2b: Annihilape|Annihilape, L50, M|100\/100\n|-fieldstart|move: Psychic Terrain|[from] ability: Psychic Surge|[of] p1b: Indeedee\n|turn|1\n|\n|t:|1733490372\n|move|p1b: Indeedee|Follow Me|p1b: Indeedee\n|-singleturn|p1b: Indeedee|move: Follow Me\n|move|p2b: Annihilape|Coaching|p2a: Skadoosh\n|-boost|p2a: Skadoosh|atk|1\n|-boost|p2a: Skadoosh|def|1\n|move|p1a: Gallade|Night Slash|p2a: Skadoosh\n|-supereffective|p2a: Skadoosh\n|-damage|p2a: Skadoosh|49\/100\n|-damage|p1a: Gallade|91\/100|[from] item: Life Orb\n|move|p2a: Skadoosh|Knock Off|p1b: Indeedee\n|-supereffective|p1b: Indeedee\n|-damage|p1b: Indeedee|0 fnt\n|-enditem|p1b: Indeedee|Eject Button|[from] move: Knock Off|[of] p2a: Skadoosh\n|faint|p1b: Indeedee\n|\n|upkeep\n|\n|t:|1733490388\n|switch|p1b: Armarouge|Armarouge, L50, M, shiny|100\/100\n|turn|2\n|\n|t:|1733490416\n|move|p1b: Armarouge|Endure|p1b: Armarouge\n|-singleturn|p1b: Armarouge|move: Endure\n|move|p2b: Annihilape|Rage Fist|p1b: Armarouge\n|-supereffective|p1b: Armarouge\n|-damage|p1b: Armarouge|48\/100\n|-ability|p1b: Armarouge|Weak Armor|boost\n|-unboost|p1b: Armarouge|def|1\n|-boost|p1b: Armarouge|spe|2\n|-enditem|p1b: Armarouge|Weakness Policy\n|-boost|p1b: Armarouge|atk|2|[from] item: Weakness Policy\n|-boost|p1b: Armarouge|spa|2|[from] item: Weakness Policy\n|move|p1a: Gallade|Night Slash|p2a: Skadoosh\n|-supereffective|p2a: Skadoosh\n|-damage|p2a: Skadoosh|5\/100\n|-damage|p1a: Gallade|82\/100|[from] item: Life Orb\n|move|p2a: Skadoosh|Knock Off|p1a: Gallade\n|-damage|p1a: Gallade|19\/100\n|-enditem|p1a: Gallade|Life Orb|[from] move: Knock Off|[of] p2a: Skadoosh\n|\n|upkeep\n|turn|3\n|\n|t:|1733490454\n|move|p1b: Armarouge|Expanding Force|p2a: Skadoosh|[spread] p2a,p2b\n|-resisted|p2a: Skadoosh\n|-supereffective|p2b: Annihilape\n|-damage|p2a: Skadoosh|0 fnt\n|-enditem|p2b: Annihilape|Focus Sash\n|-damage|p2b: Annihilape|1\/100\n|faint|p2a: Skadoosh\n|move|p2b: Annihilape|Rage Fist|p1b: Armarouge\n|-supereffective|p1b: Armarouge\n|-damage|p1b: Armarouge|0 fnt\n|faint|p1b: Armarouge\n|move|p1a: Gallade|Sacred Sword|p2b: Annihilape\n|-immune|p2b: Annihilape\n|\n|upkeep\n|\n|t:|1733490471\n|switch|p1b: Golduck|Golduck, L50, M, shiny|100\/100\n|switch|p2a: Tyranitar|Tyranitar, L50, F, shiny|100\/100\n|-ability|p1b: Golduck|Cloud Nine\n|-enditem|p1b: Golduck|Psychic Seed\n|-boost|p1b: Golduck|spd|1|[from] item: Psychic Seed\n|-weather|Sandstorm|[from] ability: Sand Stream|[of] p2a: Tyranitar\n|turn|4\n|\n|t:|1733490494\n|-terastallize|p2a: Tyranitar|Ghost\n|move|p2b: Annihilape|Coaching|p2a: Tyranitar\n|-boost|p2a: Tyranitar|atk|1\n|-boost|p2a: Tyranitar|def|1\n|move|p1b: Golduck|Muddy Water|p2a: Tyranitar|[spread] p2a,p2b\n|-damage|p2a: Tyranitar|78\/100\n|-damage|p2b: Annihilape|0 fnt\n|-unboost|p2a: Tyranitar|accuracy|1\n|faint|p2b: Annihilape\n|move|p2a: Tyranitar|Rock Slide|p1b: Golduck|[spread] p1b\n|-miss|p2a: Tyranitar|p1a: Gallade\n|-damage|p1b: Golduck|20\/100\n|move|p1a: Gallade|Sacred Sword|p2a: Tyranitar\n|-immune|p2a: Tyranitar\n|\n|-weather|Sandstorm|[upkeep]\n|upkeep\n|\n|t:|1733490508\n|switch|p2b: Volcarona|Volcarona, L50, M|100\/100\n|turn|5\n|\n|t:|1733490526\n|move|p2b: Volcarona|Tera Blast|p1b: Golduck\n|-damage|p1b: Golduck|0 fnt\n|faint|p1b: Golduck\n|move|p2a: Tyranitar|Rock Slide|p1a: Gallade\n|-resisted|p1a: Gallade\n|-damage|p1a: Gallade|0 fnt\n|faint|p1a: Gallade\n|\n|win|Has_Perry\n|raw|ComputerYui's rating: 1777 &rarr; <strong>1754<\/strong><br \/>(-23 for losing)\n|raw|Has_Perry's rating: 1717 &rarr; <strong>1740<\/strong><br \/>(+23 for winning)\n|l|\u2606ComputerYui\n|player|p1|\n|l|\u2606Has_Perry\n|player|p2|\n","uploadtime":1733490701,"views":16,"formatid":"gen9vgc2024regh","rating":1740,"private":0,"password":null}