{"id":"gen9vgc2024regh-2257881129","format":"[Gen 9] VGC 2024 Reg H","players":["ComputerYui","QuinlanBuilds"],"log":"|j|\u2606ComputerYui\n|j|\u2606QuinlanBuilds\n|t:|1733492895\n|gametype|doubles\n|player|p1|ComputerYui|169|1735\n|player|p2|QuinlanBuilds|2|1675\n|teamsize|p1|6\n|teamsize|p2|6\n|gen|9\n|tier|[Gen 9] VGC 2024 Reg H\n|rated|\n|rule|Species Clause: Limit one of each Pok\u00e9mon\n|rule|Item Clause: Limit 1 of each item\n|clearpoke\n|poke|p1|Armarouge, L50, M|\n|poke|p1|Indeedee-F, L50, F|\n|poke|p1|Tauros-Paldea-Aqua, L50, M|\n|poke|p1|Meowstic-F, L50, F|\n|poke|p1|Gallade, L50, M|\n|poke|p1|Golduck, L50, M|\n|poke|p2|Volbeat, L50, M|\n|poke|p2|Primarina, L50, F|\n|poke|p2|Espathra, L50, M|\n|poke|p2|Typhlosion-Hisui, L50, F|\n|poke|p2|Indeedee-F, L50, F|\n|poke|p2|Archaludon, L50, F|\n|teampreview|4\n|\n|t:|1733492935\n|start\n|switch|p1a: Gallade|Gallade, L50, M, shiny|100\/100\n|switch|p1b: Indeedee|Indeedee-F, L50, F, shiny|100\/100\n|switch|p2a: Primarina|Primarina, L50, F|100\/100\n|switch|p2b: Indeedee|Indeedee-F, L50, F|100\/100\n|-fieldstart|move: Psychic Terrain|[from] ability: Psychic Surge|[of] p2b: Indeedee\n|turn|1\n|\n|t:|1733492957\n|move|p1b: Indeedee|Helping Hand|p1a: Gallade\n|-singleturn|p1a: Gallade|Helping Hand|[of] p1b: Indeedee\n|move|p2a: Primarina|Moonblast|p1a: Gallade\n|-supereffective|p1a: Gallade\n|-damage|p1a: Gallade|0 fnt\n|faint|p1a: Gallade\n|move|p2b: Indeedee|Imprison|p2b: Indeedee\n|-start|p2b: Indeedee|move: Imprison\n|\n|upkeep\n|\n|t:|1733492970\n|switch|p1a: Meowstic|Meowstic-F, L50, F, shiny|100\/100\n|turn|2\n|\n|t:|1733492986\n|-terastallize|p2a: Primarina|Steel\n|move|p1b: Indeedee|Helping Hand|p1a: Meowstic\n|-singleturn|p1a: Meowstic|Helping Hand|[of] p1b: Indeedee\n|move|p1a: Meowstic|Expanding Force|p2a: Primarina|[spread] p2a,p2b\n|-resisted|p2a: Primarina\n|-resisted|p2b: Indeedee\n|-damage|p2a: Primarina|64\/100\n|-damage|p2b: Indeedee|71\/100\n|move|p2a: Primarina|Moonblast|p1a: Meowstic\n|-damage|p1a: Meowstic|2\/100\n|move|p2b: Indeedee|Hyper Voice|p1a: Meowstic|[spread] p1a,p1b\n|-damage|p1a: Meowstic|0 fnt\n|-damage|p1b: Indeedee|80\/100\n|faint|p1a: Meowstic\n|-enditem|p1b: Indeedee|Eject Button\n|\n|t:|1733493003\n|switch|p1b: Armarouge|Armarouge, L50, M, shiny|100\/100\n|\n|upkeep\n|\n|t:|1733493008\n|switch|p1a: Indeedee|Indeedee-F, L50, F, shiny|80\/100\n|turn|3\n|\n|t:|1733493030\n|move|p1b: Armarouge|Endure|p1b: Armarouge\n|-singleturn|p1b: Armarouge|move: Endure\n|move|p1a: Indeedee|Fake Out|p1b: Armarouge\n|-damage|p1b: Armarouge|89\/100\n|-ability|p1b: Armarouge|Weak Armor|boost\n|-unboost|p1b: Armarouge|def|1\n|-boost|p1b: Armarouge|spe|2\n|move|p2a: Primarina|Moonblast|p1b: Armarouge\n|-resisted|p1b: Armarouge\n|-damage|p1b: Armarouge|43\/100\n|-unboost|p1b: Armarouge|spa|1\n|move|p2b: Indeedee|Hyper Voice|p1b: Armarouge|[spread] p1a,p1b\n|-damage|p1a: Indeedee|60\/100\n|-damage|p1b: Armarouge|15\/100\n|\n|upkeep\n|turn|4\n|\n|t:|1733493060\n|move|p1a: Indeedee|Helping Hand|p1b: Armarouge\n|-singleturn|p1b: Armarouge|Helping Hand|[of] p1a: Indeedee\n|move|p1b: Armarouge|Heat Wave|p2b: Indeedee|[spread] p2a,p2b\n|-supereffective|p2a: Primarina\n|-damage|p2a: Primarina|0 fnt\n|-damage|p2b: Indeedee|33\/100\n|faint|p2a: Primarina\n|move|p2b: Indeedee|Hyper Voice|p1a: Indeedee|[spread] p1a,p1b\n|-crit|p1a: Indeedee\n|-damage|p1a: Indeedee|32\/100\n|-damage|p1b: Armarouge|0 fnt\n|faint|p1b: Armarouge\n|\n|upkeep\n|\n|t:|1733493067\n|switch|p2a: Archaludon|Archaludon, L50, F|100\/100\n|turn|5\n|-message|ComputerYui forfeited.\n|\n|win|QuinlanBuilds\n|raw|ComputerYui's rating: 1735 &rarr; <strong>1712<\/strong><br \/>(-23 for losing)\n|raw|QuinlanBuilds's rating: 1675 &rarr; <strong>1698<\/strong><br \/>(+23 for winning)\n|l|\u2606ComputerYui\n|player|p1|\n|l|\u2606QuinlanBuilds\n|player|p2|\n","uploadtime":1733493285,"views":10,"formatid":"gen9vgc2024regh","rating":1698,"private":0,"password":null}