{"id":"gen9vgc2024regh-2257723880","format":"[Gen 9] VGC 2024 Reg H","players":["Arcangel666","samurotthisuian"],"log":"|j|\u2606Arcangel666\n|j|\u2606samurotthisuian\n|t:|1733464088\n|gametype|doubles\n|player|p1|Arcangel666|piers-masters|1701\n|player|p2|samurotthisuian|steven|1680\n|teamsize|p1|6\n|teamsize|p2|6\n|gen|9\n|tier|[Gen 9] VGC 2024 Reg H\n|rated|\n|rule|Species Clause: Limit one of each Pok\u00e9mon\n|rule|Item Clause: Limit 1 of each item\n|clearpoke\n|poke|p1|Gholdengo, L50|\n|poke|p1|Whimsicott, L50, F|\n|poke|p1|Pelipper, L50, F|\n|poke|p1|Basculegion, L50, M|\n|poke|p1|Archaludon, L50, M|\n|poke|p1|Amoonguss, L50, M|\n|poke|p2|Toedscruel, L50, F|\n|poke|p2|Weezing-Galar, L50, F|\n|poke|p2|Corviknight, L50, F|\n|poke|p2|Garchomp, L50, F|\n|poke|p2|Typhlosion-Hisui, L50, F|\n|poke|p2|Meowscarada, L50, F|\n|teampreview|4\n|inactive|Battle timer is ON: inactive players will automatically lose when time's up. (requested by samurotthisuian)\n|inactive|Arcangel666 has 60 seconds left.\n|\n|t:|1733464142\n|start\n|switch|p1a: Basculegion|Basculegion, L50, M, shiny|100\/100\n|switch|p1b: Whimsicott|Whimsicott, L50, F, shiny|100\/100\n|switch|p2a: Meowscarada|Meowscarada, L50, F, shiny|100\/100\n|switch|p2b: Typhlosion|Typhlosion-Hisui, L50, F, shiny|100\/100\n|-item|p1a: Basculegion|Choice Scarf|[from] ability: Frisk|[of] p2b: Typhlosion\n|-item|p1b: Whimsicott|Covert Cloak|[from] ability: Frisk|[of] p2b: Typhlosion\n|turn|1\n|\n|t:|1733464161\n|switch|p2b: Weezing|Weezing-Galar, L50, F, shiny|100\/100\n|-ability|p2b: Weezing|Neutralizing Gas\n|move|p1a: Basculegion|Flip Turn|p2b: Weezing\n|-damage|p2b: Weezing|74\/100\n|\n|t:|1733464168\n|switch|p1a: Archaludon|Archaludon, L50, M, shiny|100\/100|[from] Flip Turn\n|move|p2a: Meowscarada|Taunt|p1b: Whimsicott\n|-start|p1b: Whimsicott|move: Taunt\n|cant|p1b: Whimsicott|move: Taunt|Tailwind\n|\n|upkeep\n|turn|2\n|\n|t:|1733464178\n|switch|p1b: Pelipper|Pelipper, L50, F|100\/100\n|-terastallize|p2b: Weezing|Fire\n|move|p2a: Meowscarada|Knock Off|p1a: Archaludon\n|-damage|p1a: Archaludon|66\/100\n|-enditem|p1a: Archaludon|Assault Vest|[from] move: Knock Off|[of] p2a: Meowscarada\n|move|p1a: Archaludon|Flash Cannon|p2b: Weezing\n|-resisted|p2b: Weezing\n|-damage|p2b: Weezing|48\/100\n|move|p2b: Weezing|Dazzling Gleam|p1b: Pelipper|[spread] p1a,p1b\n|-damage|p1a: Archaludon|27\/100\n|-damage|p1b: Pelipper|40\/100\n|\n|upkeep\n|turn|3\n|\n|t:|1733464195\n|move|p2a: Meowscarada|Flower Trick|p1b: Pelipper\n|-crit|p1b: Pelipper\n|-damage|p1b: Pelipper|0 fnt\n|faint|p1b: Pelipper\n|move|p1a: Archaludon|Body Press|p2b: Weezing\n|-damage|p2b: Weezing|24\/100\n|move|p2b: Weezing|Dazzling Gleam|p1a: Archaludon\n|-damage|p1a: Archaludon|0 fnt\n|faint|p1a: Archaludon\n|\n|upkeep\n|\n|t:|1733464198\n|switch|p1b: Basculegion|Basculegion, L50, M, shiny|100\/100\n|switch|p1a: Whimsicott|Whimsicott, L50, F, shiny|100\/100\n|turn|4\n|\n|t:|1733464207\n|move|p1b: Basculegion|Last Respects|p2b: Weezing\n|-damage|p2b: Weezing|0 fnt\n|faint|p2b: Weezing\n|-end|p2b: Weezing|ability: Neutralizing Gas\n|move|p1a: Whimsicott|Tailwind|p1a: Whimsicott\n|-sidestart|p1: Arcangel666|move: Tailwind\n|move|p2a: Meowscarada|Flower Trick|p1b: Basculegion\n|-supereffective|p1b: Basculegion\n|-crit|p1b: Basculegion\n|-damage|p1b: Basculegion|0 fnt\n|faint|p1b: Basculegion\n|\n|upkeep\n|\n|t:|1733464214\n|switch|p2b: Typhlosion|Typhlosion-Hisui, L50, F, shiny|100\/100\n|-item|p1a: Whimsicott|Covert Cloak|[from] ability: Frisk|[of] p2b: Typhlosion\n|turn|5\n|\n|t:|1733464219\n|-terastallize|p1a: Whimsicott|Fire\n|move|p1a: Whimsicott|Moonblast|p2a: Meowscarada\n|-supereffective|p2a: Meowscarada\n|-damage|p2a: Meowscarada|21\/100\n|move|p2b: Typhlosion|Eruption|p1a: Whimsicott\n|-resisted|p1a: Whimsicott\n|-damage|p1a: Whimsicott|54\/100\n|move|p2a: Meowscarada|Knock Off|p1a: Whimsicott\n|-damage|p1a: Whimsicott|0 fnt\n|-enditem|p1a: Whimsicott|Covert Cloak|[from] move: Knock Off|[of] p2a: Meowscarada\n|faint|p1a: Whimsicott\n|\n|win|samurotthisuian\n|raw|Arcangel666's rating: 1701 &rarr; <strong>1680<\/strong><br \/>(-21 for losing)\n|raw|samurotthisuian's rating: 1680 &rarr; <strong>1701<\/strong><br \/>(+21 for winning)\n|l|\u2606Arcangel666\n|player|p1|\n|l|\u2606samurotthisuian\n|player|p2|\n","uploadtime":1733464431,"views":5,"formatid":"gen9vgc2024regh","rating":1680,"private":0,"password":null}