{"id":"gen9vgc2024regh-2257464674","format":"[Gen 9] VGC 2024 Reg H","players":["kanucks25","Spottedwoot"],"log":"|j|\u2606kanucks25\n|j|\u2606Spottedwoot\n|t:|1733430280\n|gametype|doubles\n|player|p1|kanucks25|169|1675\n|player|p2|Spottedwoot|2|1736\n|teamsize|p1|6\n|teamsize|p2|6\n|gen|9\n|tier|[Gen 9] VGC 2024 Reg H\n|rated|\n|rule|Species Clause: Limit one of each Pok\u00e9mon\n|rule|Item Clause: Limit 1 of each item\n|clearpoke\n|poke|p1|Gholdengo, L50|\n|poke|p1|Delphox, L50, F|\n|poke|p1|Ribombee, L50, F|\n|poke|p1|Indeedee-F, L50, F|\n|poke|p1|Ursaluna-Bloodmoon, L50, M|\n|poke|p1|Dragonite, L50, F|\n|poke|p2|Pelipper, L50, M|\n|poke|p2|Archaludon, L50, F|\n|poke|p2|Gholdengo, L50|\n|poke|p2|Basculegion, L50, M|\n|poke|p2|Rillaboom, L50, F|\n|poke|p2|Sneasler, L50, M|\n|teampreview|4\n|inactive|Battle timer is ON: inactive players will automatically lose when time's up. (requested by Spottedwoot)\n|\n|t:|1733430336\n|start\n|switch|p1a: Ribombee|Ribombee, L50, F|100\/100\n|switch|p1b: Delphox|Delphox, L50, F|100\/100\n|switch|p2a: Pelipper|Pelipper, L50, M|100\/100\n|switch|p2b: Archaludon|Archaludon, L50, F, shiny|100\/100\n|-weather|RainDance|[from] ability: Drizzle|[of] p2a: Pelipper\n|turn|1\n|inactive|kanucks25 has 30 seconds left.\n|\n|t:|1733430361\n|move|p1a: Ribombee|Sunny Day|p1a: Ribombee\n|-weather|SunnyDay\n|move|p2a: Pelipper|Muddy Water|p1b: Delphox|[spread] p1a\n|-miss|p2a: Pelipper|p1b: Delphox\n|-damage|p1a: Ribombee|78\/100\n|move|p1b: Delphox|Flamethrower|p2b: Archaludon\n|-damage|p2b: Archaludon|38\/100\n|-ability|p2b: Archaludon|Stamina|boost\n|-boost|p2b: Archaludon|def|1\n|-damage|p1b: Delphox|91\/100|[from] item: Life Orb\n|move|p2b: Archaludon|Electro Shot||[still]\n|-prepare|p2b: Archaludon|Electro Shot\n|-boost|p2b: Archaludon|spa|1\n|\n|-weather|SunnyDay|[upkeep]\n|upkeep\n|turn|2\n|\n|t:|1733430382\n|-terastallize|p1b: Delphox|Grass\n|move|p1a: Ribombee|Tailwind|p1a: Ribombee\n|-sidestart|p1: kanucks25|move: Tailwind\n|move|p1b: Delphox|Flamethrower|p2b: Archaludon\n|-damage|p2b: Archaludon|0 fnt\n|faint|p2b: Archaludon\n|-damage|p1b: Delphox|82\/100|[from] item: Life Orb\n|move|p2a: Pelipper|Muddy Water|p1a: Ribombee|[spread] p1a,p1b\n|-crit|p1a: Ribombee\n|-resisted|p1b: Delphox\n|-damage|p1a: Ribombee|41\/100\n|-damage|p1b: Delphox|74\/100\n|\n|-weather|SunnyDay|[upkeep]\n|upkeep\n|\n|t:|1733430388\n|switch|p2b: Basculegion|Basculegion, L50, M|100\/100\n|turn|3\n|\n|t:|1733430399\n|switch|p1a: Indeedee|Indeedee-F, L50, F|100\/100\n|-fieldstart|move: Psychic Terrain|[from] ability: Psychic Surge|[of] p1a: Indeedee\n|switch|p2a: Rillaboom|Rillaboom, L50, F|100\/100\n|-fieldstart|move: Grassy Terrain|[from] ability: Grassy Surge|[of] p2a: Rillaboom\n|move|p1b: Delphox|Expanding Force|p2b: Basculegion\n|-damage|p2b: Basculegion|38\/100\n|-damage|p1b: Delphox|64\/100|[from] item: Life Orb\n|move|p2b: Basculegion|Last Respects|p1b: Delphox\n|-damage|p1b: Delphox|0 fnt\n|faint|p1b: Delphox\n|\n|-weather|SunnyDay|[upkeep]\n|-heal|p2b: Basculegion|45\/100|[from] Grassy Terrain\n|upkeep\n|inactive|kanucks25 has 30 seconds left.\n|inactive|kanucks25 has 20 seconds left.\n|j| SerseCosmiVGC\n|inactive|kanucks25 has 15 seconds left.\n|inactive|kanucks25 has 10 seconds left.\n|inactive|kanucks25 has 5 seconds left.\n|\n|t:|1733430452\n|switch|p1b: Dragonite|Dragonite, L50, F|100\/100\n|turn|4\n|inactive|kanucks25 has 30 seconds left.\n|inactive|kanucks25 has 20 seconds left.\n|inactive|kanucks25 has 15 seconds left.\n|inactive|kanucks25 has 10 seconds left.\n|inactive|kanucks25 has 5 seconds left.\n|\n|t:|1733430504\n|switch|p2b: Pelipper|Pelipper, L50, M|100\/100\n|-weather|RainDance|[from] ability: Drizzle|[of] p2b: Pelipper\n|move|p1a: Indeedee|Follow Me|p1a: Indeedee\n|-singleturn|p1a: Indeedee|move: Follow Me\n|move|p1b: Dragonite|Outrage|p2a: Rillaboom\n|-damage|p2a: Rillaboom|0 fnt\n|faint|p2a: Rillaboom\n|\n|-weather|RainDance|[upkeep]\n|upkeep\n|\n|t:|1733430513\n|switch|p2a: Basculegion|Basculegion, L50, M|45\/100\n|turn|5\n|j| lpo8\n|inactive|kanucks25 has 30 seconds left.\n|inactive|kanucks25 has 20 seconds left.\n|inactive|kanucks25 has 15 seconds left.\n|inactive|kanucks25 has 10 seconds left.\n|\n|t:|1733430560\n|move|p1a: Indeedee|Follow Me|p1a: Indeedee\n|-singleturn|p1a: Indeedee|move: Follow Me\n|move|p2a: Basculegion|Wave Crash|p1a: Indeedee\n|-damage|p1a: Indeedee|0 fnt\n|-damage|p2a: Basculegion|28\/100|[from] item: Rocky Helmet|[of] p1a: Indeedee\n|faint|p1a: Indeedee\n|-damage|p2a: Basculegion|0 fnt|[from] Recoil\n|faint|p2a: Basculegion\n|move|p1b: Dragonite|Outrage|p2b: Pelipper|[from]lockedmove\n|-damage|p2b: Pelipper|0 fnt\n|faint|p2b: Pelipper\n|-start|p1b: Dragonite|confusion|[fatigue]\n|\n|win|kanucks25\n|raw|kanucks25's rating: 1675 &rarr; <strong>1698<\/strong><br \/>(+23 for winning)\n|raw|Spottedwoot's rating: 1736 &rarr; <strong>1713<\/strong><br \/>(-23 for losing)\n|l|\u2606Spottedwoot\n|player|p2|\n|l|\u2606kanucks25\n|player|p1|\n|l| SerseCosmiVGC\n","uploadtime":1733430735,"views":16,"formatid":"gen9vgc2024regh","rating":1698,"private":0,"password":null}