{"id":"gen9vgc2024regh-2257860966","format":"[Gen 9] VGC 2024 Reg H","players":["Tripledeluxer","Riemann39"],"log":"|j|\u2606Tripledeluxer\n|j|\u2606Riemann39\n|t:|1733490247\n|gametype|doubles\n|player|p1|Tripledeluxer|riley|1695\n|player|p2|Riemann39|lucas|1705\n|teamsize|p1|6\n|teamsize|p2|6\n|gen|9\n|tier|[Gen 9] VGC 2024 Reg H\n|rated|\n|rule|Species Clause: Limit one of each Pok\u00e9mon\n|rule|Item Clause: Limit 1 of each item\n|clearpoke\n|poke|p1|Sinistcha, L50|\n|poke|p1|Kingambit, L50, F|\n|poke|p1|Garchomp, L50, M|\n|poke|p1|Tyranitar, L50, F|\n|poke|p1|Weezing-Galar, L50, F|\n|poke|p1|Corviknight, L50, M|\n|poke|p2|Whimsicott, L50, F|\n|poke|p2|Incineroar, L50, M|\n|poke|p2|Dragonite, L50, F|\n|poke|p2|Rillaboom, L50, M|\n|poke|p2|Gholdengo, L50|\n|poke|p2|Ursaluna-Bloodmoon, L50, M|\n|teampreview|4\n|inactive|Battle timer is ON: inactive players will automatically lose when time's up. (requested by Riemann39)\n|\n|t:|1733490272\n|start\n|switch|p1a: Weezing|Weezing-Galar, L50, F|100\/100\n|switch|p1b: Garchomp|Garchomp, L50, M|100\/100\n|switch|p2a: Gholdengo|Gholdengo, L50|100\/100\n|switch|p2b: Whimsicott|Whimsicott, L50, F|100\/100\n|-fieldstart|move: Misty Terrain|[from] ability: Misty Surge|[of] p1a: Weezing\n|turn|1\n|\n|t:|1733490283\n|move|p2b: Whimsicott|Tailwind|p2b: Whimsicott\n|-sidestart|p2: Riemann39|move: Tailwind\n|move|p2a: Gholdengo|Make It Rain|p1b: Garchomp|[spread] p1a,p1b\n|-supereffective|p1a: Weezing\n|-damage|p1a: Weezing|0 fnt\n|-damage|p1b: Garchomp|21\/100\n|-unboost|p2a: Gholdengo|spa|1\n|faint|p1a: Weezing\n|move|p1b: Garchomp|Stomping Tantrum|p2a: Gholdengo\n|-supereffective|p2a: Gholdengo\n|-damage|p2a: Gholdengo|8\/100\n|\n|upkeep\n|\n|t:|1733490290\n|switch|p1a: Tyranitar|Tyranitar, L50, F|100\/100\n|-weather|Sandstorm|[from] ability: Sand Stream|[of] p1a: Tyranitar\n|turn|2\n|\n|t:|1733490299\n|move|p1b: Garchomp|Protect|p1b: Garchomp\n|-singleturn|p1b: Garchomp|Protect\n|move|p2b: Whimsicott|Moonblast|p1a: Tyranitar\n|-supereffective|p1a: Tyranitar\n|-damage|p1a: Tyranitar|70\/100\n|move|p2a: Gholdengo|Make It Rain|p1a: Tyranitar|[spread] p1a\n|-activate|p1b: Garchomp|move: Protect\n|-supereffective|p1a: Tyranitar\n|-damage|p1a: Tyranitar|29\/100\n|-unboost|p2a: Gholdengo|spa|1\n|move|p1a: Tyranitar|Knock Off|p2a: Gholdengo\n|-supereffective|p2a: Gholdengo\n|-damage|p2a: Gholdengo|0 fnt\n|-enditem|p2a: Gholdengo|Choice Specs|[from] move: Knock Off|[of] p1a: Tyranitar\n|faint|p2a: Gholdengo\n|\n|-weather|Sandstorm|[upkeep]\n|-damage|p2b: Whimsicott|95\/100|[from] Sandstorm\n|upkeep\n|\n|t:|1733490315\n|switch|p2a: Dragonite|Dragonite, L50, F|100\/100\n|turn|3\n|\n|t:|1733490319\n|switch|p1b: Corviknight|Corviknight, L50, M|100\/100\n|-enditem|p1b: Corviknight|Misty Seed\n|-boost|p1b: Corviknight|spd|1|[from] item: Misty Seed\n|move|p2b: Whimsicott|Encore||[still]\n|-fail|p2b: Whimsicott\n|move|p2a: Dragonite|Scale Shot|p1a: Tyranitar|[miss]\n|-miss|p2a: Dragonite|p1a: Tyranitar\n|move|p1a: Tyranitar|Rock Slide|p2a: Dragonite|[spread] p2a,p2b\n|-supereffective|p2a: Dragonite\n|-crit|p2a: Dragonite\n|-damage|p2a: Dragonite|46\/100\n|-damage|p2b: Whimsicott|45\/100\n|\n|-weather|Sandstorm|[upkeep]\n|-damage|p2b: Whimsicott|39\/100|[from] Sandstorm\n|-damage|p2a: Dragonite|40\/100|[from] Sandstorm\n|upkeep\n|turn|4\n|inactive|Riemann39 has 30 seconds left.\n|\n|t:|1733490345\n|move|p2b: Whimsicott|Moonblast|p1b: Corviknight\n|-resisted|p1b: Corviknight\n|-damage|p1b: Corviknight|93\/100\n|move|p2a: Dragonite|Scale Shot|p1a: Tyranitar\n|-damage|p1a: Tyranitar|22\/100\n|-damage|p1a: Tyranitar|15\/100\n|-damage|p1a: Tyranitar|8\/100\n|-damage|p1a: Tyranitar|1\/100\n|-damage|p1a: Tyranitar|0 fnt\n|faint|p1a: Tyranitar\n|-hitcount|p1: Tyranitar|5\n|-unboost|p2a: Dragonite|def|1\n|-boost|p2a: Dragonite|spe|1\n|move|p1b: Corviknight|Brave Bird|p2b: Whimsicott\n|-supereffective|p2b: Whimsicott\n|-damage|p2b: Whimsicott|0 fnt\n|faint|p2b: Whimsicott\n|-damage|p1b: Corviknight|85\/100|[from] Recoil\n|\n|-weather|Sandstorm|[upkeep]\n|-damage|p2a: Dragonite|34\/100|[from] Sandstorm\n|-sideend|p2: Riemann39|move: Tailwind\n|upkeep\n|\n|t:|1733490363\n|switch|p2b: Ursaluna|Ursaluna-Bloodmoon, L50, M|100\/100\n|switch|p1a: Garchomp|Garchomp, L50, M|21\/100\n|turn|5\n|inactive|Tripledeluxer has 30 seconds left.\n|\n|t:|1733490395\n|move|p2a: Dragonite|Protect|p2a: Dragonite\n|-singleturn|p2a: Dragonite|Protect\n|move|p1a: Garchomp|Protect|p1a: Garchomp\n|-singleturn|p1a: Garchomp|Protect\n|move|p1b: Corviknight|Brave Bird|p2a: Dragonite\n|-activate|p2a: Dragonite|move: Protect\n|move|p2b: Ursaluna|Hyper Voice|p1b: Corviknight|[spread] p1b\n|-activate|p1a: Garchomp|move: Protect\n|-resisted|p1b: Corviknight\n|-damage|p1b: Corviknight|76\/100\n|\n|-weather|Sandstorm|[upkeep]\n|-damage|p2a: Dragonite|28\/100|[from] Sandstorm\n|-fieldend|Misty Terrain\n|upkeep\n|turn|6\n|inactive|Riemann39 has 30 seconds left.\n|\n|t:|1733490422\n|-terastallize|p1a: Garchomp|Steel\n|move|p2a: Dragonite|Low Kick|p1a: Garchomp\n|-supereffective|p1a: Garchomp\n|-damage|p1a: Garchomp|0 fnt\n|faint|p1a: Garchomp\n|move|p1b: Corviknight|Roost|p1b: Corviknight\n|-heal|p1b: Corviknight|100\/100\n|-singleturn|p1b: Corviknight|move: Roost\n|move|p2b: Ursaluna|Blood Moon|p1b: Corviknight\n|-resisted|p1b: Corviknight\n|-damage|p1b: Corviknight|81\/100\n|\n|-weather|none\n|upkeep\n|turn|7\n|\n|t:|1733490435\n|-terastallize|p2a: Dragonite|Steel\n|move|p2a: Dragonite|Haze|p2a: Dragonite\n|-clearallboost\n|move|p1b: Corviknight|Bulk Up|p1b: Corviknight\n|-boost|p1b: Corviknight|atk|1\n|-boost|p1b: Corviknight|def|1\n|move|p2b: Ursaluna|Hyper Voice|p1b: Corviknight\n|-resisted|p1b: Corviknight\n|-damage|p1b: Corviknight|62\/100\n|\n|upkeep\n|turn|8\n|inactive|Riemann39 has 30 seconds left.\n|inactive|Riemann39 has 20 seconds left.\n|inactive|Riemann39 has 15 seconds left.\n|inactive|Riemann39 has 10 seconds left.\n|\n|t:|1733490482\n|move|p2a: Dragonite|Haze|p2a: Dragonite\n|-clearallboost\n|move|p1b: Corviknight|Brave Bird|p2b: Ursaluna\n|-damage|p2b: Ursaluna|73\/100\n|-damage|p1b: Corviknight|53\/100|[from] Recoil\n|move|p2b: Ursaluna|Blood Moon|p1b: Corviknight\n|-resisted|p1b: Corviknight\n|-damage|p1b: Corviknight|25\/100\n|\n|upkeep\n|turn|9\n|\n|t:|1733490501\n|move|p2a: Dragonite|Low Kick|p1b: Corviknight\n|-damage|p1b: Corviknight|0 fnt\n|faint|p1b: Corviknight\n|\n|win|Riemann39\n|raw|Tripledeluxer's rating: 1695 &rarr; <strong>1676<\/strong><br \/>(-19 for losing)\n|raw|Riemann39's rating: 1705 &rarr; <strong>1724<\/strong><br \/>(+19 for winning)\n|l|\u2606Tripledeluxer\n|player|p1|\n|l|\u2606Riemann39\n|player|p2|\n","uploadtime":1733490701,"views":12,"formatid":"gen9vgc2024regh","rating":1676,"private":0,"password":null}