{"id":"gen9vgc2024regh-2257125715","format":"[Gen 9] VGC 2024 Reg H","players":["Blizzzey","zodipodi"],"log":"|j|\u2606Blizzzey\n|j|\u2606zodipodi\n|t:|1733391751\n|gametype|doubles\n|player|p1|Blizzzey|twins-gen4dp|1685\n|player|p2|zodipodi|265|1676\n|teamsize|p1|6\n|teamsize|p2|6\n|gen|9\n|tier|[Gen 9] VGC 2024 Reg H\n|rated|\n|rule|Species Clause: Limit one of each Pok\u00e9mon\n|rule|Item Clause: Limit 1 of each item\n|clearpoke\n|poke|p1|Annihilape, L50, F|\n|poke|p1|Sinistcha, L50|\n|poke|p1|Maushold-Four, L50|\n|poke|p1|Klefki, L50, F|\n|poke|p1|Ursaluna-Bloodmoon, L50, M|\n|poke|p1|Ninetales-Alola, L50, F|\n|poke|p2|Dragonite, L50, F|\n|poke|p2|Annihilape, L50, F|\n|poke|p2|Whimsicott, L50, M|\n|poke|p2|Ursaluna-Bloodmoon, L50, M|\n|poke|p2|Volcarona, L50, M|\n|poke|p2|Gholdengo, L50|\n|teampreview|4\n|\n|t:|1733391801\n|start\n|switch|p1a: Annihilape|Annihilape, L50, F, shiny|100\/100\n|switch|p1b: Klefki|Klefki, L50, F|100\/100\n|switch|p2a: Gholdengo|Gholdengo, L50|100\/100\n|switch|p2b: Volcarona|Volcarona, L50, M|100\/100\n|turn|1\n|inactive|Battle timer is ON: inactive players will automatically lose when time's up. (requested by Blizzzey)\n|\n|t:|1733391821\n|-terastallize|p1a: Annihilape|Fire\n|move|p1b: Klefki|Light Screen|p1b: Klefki\n|-sidestart|p1: Blizzzey|move: Light Screen\n|move|p1a: Annihilape|Bulk Up|p1a: Annihilape\n|-boost|p1a: Annihilape|atk|1\n|-boost|p1a: Annihilape|def|1\n|move|p2b: Volcarona|Will-O-Wisp|p1a: Annihilape|[miss]\n|-miss|p2b: Volcarona|p1a: Annihilape\n|move|p2a: Gholdengo|Nasty Plot|p2a: Gholdengo\n|-boost|p2a: Gholdengo|spa|2\n|\n|upkeep\n|turn|2\n|\n|t:|1733391839\n|switch|p1b: Maushold|Maushold-Four, L50|100\/100\n|move|p2b: Volcarona|Rage Powder|p2b: Volcarona\n|-singleturn|p2b: Volcarona|move: Rage Powder\n|move|p1a: Annihilape|Bulk Up|p1a: Annihilape\n|-boost|p1a: Annihilape|atk|1\n|-boost|p1a: Annihilape|def|1\n|move|p2a: Gholdengo|Nasty Plot|p2a: Gholdengo\n|-boost|p2a: Gholdengo|spa|2\n|\n|upkeep\n|turn|3\n|\n|t:|1733391852\n|move|p2b: Volcarona|Rage Powder|p2b: Volcarona\n|-singleturn|p2b: Volcarona|move: Rage Powder\n|move|p1b: Maushold|Taunt|p2b: Volcarona\n|-start|p2b: Volcarona|move: Taunt\n|move|p1a: Annihilape|Rage Fist|p2b: Volcarona\n|-damage|p2b: Volcarona|56\/100\n|move|p2a: Gholdengo|Make It Rain|p1b: Maushold|[spread] p1a,p1b\n|-resisted|p1a: Annihilape\n|-damage|p1a: Annihilape|60\/100\n|-damage|p1b: Maushold|0 fnt\n|-unboost|p2a: Gholdengo|spa|1\n|faint|p1b: Maushold\n|-damage|p2a: Gholdengo|91\/100|[from] item: Life Orb\n|\n|-heal|p1a: Annihilape|66\/100|[from] item: Leftovers\n|upkeep\n|\n|t:|1733391870\n|switch|p1b: Sinistcha|Sinistcha, L50|100\/100\n|-heal|p1a: Annihilape|91\/100|[from] ability: Hospitality|[of] p1b: Sinistcha\n|turn|4\n|\n|t:|1733391884\n|switch|p1b: Klefki|Klefki, L50, F|100\/100\n|move|p2a: Gholdengo|Protect|p2a: Gholdengo\n|-singleturn|p2a: Gholdengo|Protect\n|move|p1a: Annihilape|Rage Fist|p2a: Gholdengo\n|-activate|p2a: Gholdengo|move: Protect\n|move|p2b: Volcarona|Overheat|p1b: Klefki\n|-supereffective|p1b: Klefki\n|-damage|p1b: Klefki|34\/100\n|-unboost|p2b: Volcarona|spa|2\n|\n|-heal|p1a: Annihilape|98\/100|[from] item: Leftovers\n|upkeep\n|turn|5\n|inactive|Blizzzey has 30 seconds left.\n|inactive|zodipodi has 30 seconds left.\n|\n|t:|1733391915\n|switch|p2a: Ursaluna|Ursaluna-Bloodmoon, L50, M|100\/100\n|move|p1b: Klefki|Reflect|p1b: Klefki\n|-sidestart|p1: Blizzzey|Reflect\n|move|p1a: Annihilape|Rage Fist|p2a: Ursaluna\n|-immune|p2a: Ursaluna\n|move|p2b: Volcarona|Overheat|p1b: Klefki\n|-supereffective|p1b: Klefki\n|-crit|p1b: Klefki\n|-damage|p1b: Klefki|0 fnt\n|-unboost|p2b: Volcarona|spa|2\n|faint|p1b: Klefki\n|\n|-heal|p1a: Annihilape|100\/100|[from] item: Leftovers\n|upkeep\n|\n|t:|1733391921\n|switch|p1b: Sinistcha|Sinistcha, L50|100\/100\n|turn|6\n|inactive|zodipodi has 30 seconds left.\n|\n|t:|1733391949\n|switch|p2a: Whimsicott|Whimsicott, L50, M|100\/100\n|move|p1b: Sinistcha|Rage Powder|p1b: Sinistcha\n|-singleturn|p1b: Sinistcha|move: Rage Powder\n|move|p1a: Annihilape|Rage Fist|p2b: Volcarona\n|-crit|p2b: Volcarona\n|-damage|p2b: Volcarona|0 fnt\n|faint|p2b: Volcarona\n|\n|upkeep\n|\n|t:|1733391965\n|switch|p2b: Ursaluna|Ursaluna-Bloodmoon, L50, M|100\/100\n|turn|7\n|\n|t:|1733391980\n|move|p1b: Sinistcha|Rage Powder|p1b: Sinistcha\n|-singleturn|p1b: Sinistcha|move: Rage Powder\n|move|p2a: Whimsicott|Encore|p1a: Annihilape\n|-start|p1a: Annihilape|Encore\n|move|p1a: Annihilape|Rage Fist|p2a: Whimsicott\n|-enditem|p2a: Whimsicott|Focus Sash\n|-damage|p2a: Whimsicott|1\/100\n|move|p2b: Ursaluna|Blood Moon|p1b: Sinistcha\n|-damage|p1b: Sinistcha|42\/100\n|-enditem|p1b: Sinistcha|Sitrus Berry|[eat]\n|-heal|p1b: Sinistcha|67\/100|[from] item: Sitrus Berry\n|\n|upkeep\n|turn|8\n|j| sauromon\n|\n|t:|1733392003\n|move|p2a: Whimsicott|Moonblast|p1a: Annihilape\n|-resisted|p1a: Annihilape\n|-damage|p1a: Annihilape|91\/100\n|-unboost|p1a: Annihilape|spa|1\n|-ability|p1a: Annihilape|Defiant|boost\n|-boost|p1a: Annihilape|atk|2\n|move|p1a: Annihilape|Rage Fist|p2a: Whimsicott\n|-damage|p2a: Whimsicott|0 fnt\n|faint|p2a: Whimsicott\n|move|p1b: Sinistcha|Matcha Gotcha|p2b: Ursaluna|[miss]\n|-miss|p1b: Sinistcha|p2b: Ursaluna\n|move|p2b: Ursaluna|Hyper Voice|p1a: Annihilape|[spread] p1a,p1b\n|-damage|p1a: Annihilape|67\/100\n|-damage|p1b: Sinistcha|39\/100\n|\n|-heal|p1a: Annihilape|74\/100|[from] item: Leftovers\n|-sideend|p1: Blizzzey|move: Light Screen\n|upkeep\n|\n|t:|1733392020\n|switch|p2a: Gholdengo|Gholdengo, L50|91\/100\n|turn|9\n|\n|t:|1733392028\n|move|p2a: Gholdengo|Protect|p2a: Gholdengo\n|-singleturn|p2a: Gholdengo|Protect\n|move|p1a: Annihilape|Rage Fist|p2a: Gholdengo\n|-activate|p2a: Gholdengo|move: Protect\n|move|p1b: Sinistcha|Life Dew|p1b: Sinistcha|[spread] p1a,p1b\n|-heal|p1a: Annihilape|99\/100\n|-heal|p1b: Sinistcha|64\/100\n|move|p2b: Ursaluna|Earth Power|p1a: Annihilape\n|-supereffective|p1a: Annihilape\n|-crit|p1a: Annihilape\n|-damage|p1a: Annihilape|0 fnt\n|faint|p1a: Annihilape\n|\n|upkeep\n|turn|10\n|\n|t:|1733392042\n|move|p2a: Gholdengo|Shadow Ball|p1b: Sinistcha\n|-supereffective|p1b: Sinistcha\n|-crit|p1b: Sinistcha\n|-damage|p1b: Sinistcha|0 fnt\n|faint|p1b: Sinistcha\n|-damage|p2a: Gholdengo|81\/100|[from] item: Life Orb\n|\n|win|zodipodi\n|raw|Blizzzey's rating: 1685 &rarr; <strong>1664<\/strong><br \/>(-21 for losing)\n|raw|zodipodi's rating: 1676 &rarr; <strong>1697<\/strong><br \/>(+21 for winning)\n|l|\u2606Blizzzey\n|player|p1|\n|l|\u2606zodipodi\n|player|p2|\n|l| sauromon\n","uploadtime":1733392183,"views":9,"formatid":"gen9vgc2024regh","rating":1664,"private":0,"password":null}