{"id":"gen9vgc2024regh-2257676376","format":"[Gen 9] VGC 2024 Reg H","players":["SnrubYesthatlldo","MikoAg"],"log":"|j|\u2606SnrubYesthatlldo\n|j|\u2606MikoAg\n|t:|1733456128\n|gametype|doubles\n|player|p1|SnrubYesthatlldo|1|1670\n|player|p2|MikoAg|266|1750\n|teamsize|p1|6\n|teamsize|p2|6\n|gen|9\n|tier|[Gen 9] VGC 2024 Reg H\n|rated|\n|rule|Species Clause: Limit one of each Pok\u00e9mon\n|rule|Item Clause: Limit 1 of each item\n|clearpoke\n|poke|p1|Archaludon, L50, M|\n|poke|p1|Pelipper, L50, M|\n|poke|p1|Basculegion, L50, M|\n|poke|p1|Incineroar, L50, F|\n|poke|p1|Sinistcha, L50|\n|poke|p1|Ursaluna-Bloodmoon, L50, M|\n|poke|p2|Armarouge, L50, M|\n|poke|p2|Indeedee-F, L50, F|\n|poke|p2|Dragapult, L50, M|\n|poke|p2|Sneasler, L50, F|\n|poke|p2|Milotic, L50, F|\n|poke|p2|Ninetales-Alola, L50, F|\n|teampreview|4\n|inactive|Battle timer is ON: inactive players will automatically lose when time's up. (requested by SnrubYesthatlldo)\n|\n|t:|1733456162\n|start\n|switch|p1a: Basculegion|Basculegion, L50, M|100\/100\n|switch|p1b: Archaludon|Archaludon, L50, M|100\/100\n|switch|p2a: Armarouge|Armarouge, L50, M|100\/100\n|switch|p2b: Dragapult|Dragapult, L50, M|100\/100\n|turn|1\n|inactive|MikoAg has 30 seconds left.\n|inactive|MikoAg has 20 seconds left.\n|inactive|MikoAg has 15 seconds left.\n|\n|t:|1733456203\n|-terastallize|p2a: Armarouge|Stellar\n|move|p1a: Basculegion|Flip Turn|p2a: Armarouge\n|-supereffective|p2a: Armarouge\n|-damage|p2a: Armarouge|19\/100\n|-ability|p2a: Armarouge|Weak Armor|boost\n|-unboost|p2a: Armarouge|def|1\n|-boost|p2a: Armarouge|spe|2\n|\n|t:|1733456211\n|switch|p1a: Incineroar|Incineroar, L50, F|100\/100|[from] Flip Turn\n|-ability|p1a: Incineroar|Intimidate|boost\n|-unboost|p2a: Armarouge|atk|1\n|-fail|p2b: Dragapult|unboost|[from] ability: Clear Body|[of] p2b: Dragapult\n|move|p2a: Armarouge|Armor Cannon|p1b: Archaludon\n|-damage|p1b: Archaludon|41\/100\n|-unboost|p2a: Armarouge|def|1\n|-unboost|p2a: Armarouge|spd|1\n|-ability|p1b: Archaludon|Stamina|boost\n|-boost|p1b: Archaludon|def|1\n|move|p2b: Dragapult|U-turn|p1a: Incineroar\n|-damage|p1a: Incineroar|67\/100\n|\n|t:|1733456225\n|switch|p2b: Ninetales|Ninetales-Alola, L50, F|100\/100|[from] U-turn\n|-weather|Snow|[from] ability: Snow Warning|[of] p2b: Ninetales\n|move|p1b: Archaludon|Snarl|p2a: Armarouge|[spread] p2a,p2b\n|-supereffective|p2a: Armarouge\n|-resisted|p2b: Ninetales\n|-damage|p2a: Armarouge|0 fnt\n|-damage|p2b: Ninetales|92\/100\n|-unboost|p2b: Ninetales|spa|1\n|faint|p2a: Armarouge\n|\n|-weather|Snow|[upkeep]\n|upkeep\n|\n|t:|1733456239\n|switch|p2a: Indeedee|Indeedee-F, L50, F|100\/100\n|-fieldstart|move: Psychic Terrain|[from] ability: Psychic Surge|[of] p2a: Indeedee\n|turn|2\n|\n|t:|1733456248\n|move|p2a: Indeedee|Helping Hand|p2b: Ninetales\n|-singleturn|p2b: Ninetales|Helping Hand|[of] p2a: Indeedee\n|move|p2b: Ninetales|Blizzard|p1a: Incineroar|[spread] p1a,p1b\n|-resisted|p1a: Incineroar\n|-damage|p1a: Incineroar|45\/100\n|-damage|p1b: Archaludon|7\/100\n|-ability|p1b: Archaludon|Stamina|boost\n|-boost|p1b: Archaludon|def|1\n|move|p1a: Incineroar|Knock Off|p2a: Indeedee\n|-supereffective|p2a: Indeedee\n|-damage|p2a: Indeedee|29\/100\n|-damage|p1a: Incineroar|28\/100|[from] item: Rocky Helmet|[of] p2a: Indeedee\n|-enditem|p2a: Indeedee|Rocky Helmet|[from] move: Knock Off|[of] p1a: Incineroar\n|move|p1b: Archaludon|Snarl|p2b: Ninetales|[spread] p2a,p2b\n|-supereffective|p2a: Indeedee\n|-resisted|p2b: Ninetales\n|-crit|p2b: Ninetales\n|-damage|p2a: Indeedee|2\/100\n|-damage|p2b: Ninetales|82\/100\n|-unboost|p2a: Indeedee|spa|1\n|-unboost|p2b: Ninetales|spa|1\n|\n|-weather|Snow|[upkeep]\n|upkeep\n|turn|3\n|inactive|SnrubYesthatlldo has 30 seconds left.\n|\n|t:|1733456276\n|move|p2a: Indeedee|Follow Me|p2a: Indeedee\n|-singleturn|p2a: Indeedee|move: Follow Me\n|move|p2b: Ninetales|Blizzard|p1b: Archaludon|[spread] p1a,p1b\n|-resisted|p1a: Incineroar\n|-damage|p1a: Incineroar|19\/100\n|-damage|p1b: Archaludon|0 fnt\n|faint|p1b: Archaludon\n|move|p1a: Incineroar|Knock Off|p2a: Indeedee\n|-supereffective|p2a: Indeedee\n|-damage|p2a: Indeedee|0 fnt\n|faint|p2a: Indeedee\n|\n|-weather|Snow|[upkeep]\n|upkeep\n|\n|t:|1733456288\n|switch|p1b: Basculegion|Basculegion, L50, M|100\/100\n|switch|p2a: Dragapult|Dragapult, L50, M|100\/100\n|turn|4\n|inactive|SnrubYesthatlldo has 30 seconds left.\n|\n|t:|1733456314\n|-terastallize|p1b: Basculegion|Water\n|move|p1b: Basculegion|Last Respects|p2a: Dragapult\n|-supereffective|p2a: Dragapult\n|-damage|p2a: Dragapult|0 fnt\n|faint|p2a: Dragapult\n|move|p2b: Ninetales|Blizzard|p1b: Basculegion|[spread] p1a,p1b\n|-resisted|p1a: Incineroar\n|-resisted|p1b: Basculegion\n|-damage|p1a: Incineroar|9\/100\n|-damage|p1b: Basculegion|88\/100\n|move|p1a: Incineroar|Knock Off|p2b: Ninetales\n|-resisted|p2b: Ninetales\n|-damage|p2b: Ninetales|64\/100\n|-enditem|p2b: Ninetales|Choice Specs|[from] move: Knock Off|[of] p1a: Incineroar\n|\n|-weather|Snow|[upkeep]\n|upkeep\n|turn|5\n|-message|MikoAg forfeited.\n|\n|win|SnrubYesthatlldo\n|raw|SnrubYesthatlldo's rating: 1670 &rarr; <strong>1695<\/strong><br \/>(+25 for winning)\n|raw|MikoAg's rating: 1750 &rarr; <strong>1725<\/strong><br \/>(-25 for losing)\n|l|\u2606MikoAg\n|player|p2|\n","uploadtime":1733456325,"views":9,"formatid":"gen9vgc2024regh","rating":1695,"private":0,"password":null}