{"id":"gen9vgc2024regh-2257780036","format":"[Gen 9] VGC 2024 Reg H","players":["totolaw","jayjazZa"],"log":"|j|\u2606totolaw\n|j|\u2606jayjazZa\n|t:|1733475830\n|gametype|doubles\n|player|p1|totolaw|102|1660\n|player|p2|jayjazZa|101|1753\n|teamsize|p1|6\n|teamsize|p2|6\n|gen|9\n|tier|[Gen 9] VGC 2024 Reg H\n|rated|\n|rule|Species Clause: Limit one of each Pok\u00e9mon\n|rule|Item Clause: Limit 1 of each item\n|clearpoke\n|poke|p1|Ninetales-Alola, L50, F|\n|poke|p1|Sneasler, L50, M|\n|poke|p1|Kingambit, L50, M|\n|poke|p1|Rillaboom, L50, M|\n|poke|p1|Volcarona, L50, M|\n|poke|p1|Dragonite, L50, M|\n|poke|p2|Dondozo, L50, M|\n|poke|p2|Tatsugiri, L50, F|\n|poke|p2|Sneasler, L50, M|\n|poke|p2|Indeedee, L50, M|\n|poke|p2|Archaludon, L50, M|\n|poke|p2|Pelipper, L50, F|\n|teampreview|4\n|inactive|Battle timer is ON: inactive players will automatically lose when time's up. (requested by jayjazZa)\n|inactive|totolaw has 60 seconds left.\n|\n|t:|1733475871\n|start\n|switch|p1a: Sneasler|Sneasler, L50, M|100\/100\n|switch|p1b: Rillaboom|Rillaboom, L50, M|100\/100\n|switch|p2a: Indeedee|Indeedee, L50, M|100\/100\n|switch|p2b: Sneasler|Sneasler, L50, M|100\/100\n|-fieldstart|move: Psychic Terrain|[from] ability: Psychic Surge|[of] p2a: Indeedee\n|-enditem|p2b: Sneasler|Psychic Seed\n|-boost|p2b: Sneasler|spd|1|[from] item: Psychic Seed\n|-fieldstart|move: Grassy Terrain|[from] ability: Grassy Surge|[of] p1b: Rillaboom\n|-enditem|p1a: Sneasler|Grassy Seed\n|-boost|p1a: Sneasler|def|1|[from] item: Grassy Seed\n|turn|1\n|inactive|totolaw has 30 seconds left.\n|\n|t:|1733475903\n|switch|p2a: Archaludon|Archaludon, L50, M|100\/100\n|move|p2b: Sneasler|Protect|p2b: Sneasler\n|-singleturn|p2b: Sneasler|Protect\n|move|p1b: Rillaboom|Fake Out|p2a: Archaludon\n|-resisted|p2a: Archaludon\n|-damage|p2a: Archaludon|94\/100\n|-ability|p2a: Archaludon|Stamina|boost\n|-boost|p2a: Archaludon|def|1\n|move|p1a: Sneasler|Dire Claw|p2b: Sneasler\n|-activate|p2b: Sneasler|move: Protect\n|\n|-heal|p2a: Archaludon|100\/100|[from] Grassy Terrain\n|upkeep\n|turn|2\n|\n|t:|1733475923\n|-terastallize|p2a: Archaludon|Bug\n|move|p1a: Sneasler|Dire Claw|p2b: Sneasler\n|-resisted|p2b: Sneasler\n|-damage|p2b: Sneasler|64\/100\n|move|p2b: Sneasler|Dire Claw|p1b: Rillaboom\n|-supereffective|p1b: Rillaboom\n|-damage|p1b: Rillaboom|21\/100\n|-status|p1b: Rillaboom|slp\n|move|p2a: Archaludon|Body Press|p1b: Rillaboom\n|-damage|p1b: Rillaboom|0 fnt\n|faint|p1b: Rillaboom\n|\n|-heal|p2b: Sneasler|70\/100|[from] Grassy Terrain\n|upkeep\n|\n|t:|1733475939\n|switch|p1b: Ninetales|Ninetales-Alola, L50, F|100\/100\n|-weather|Snow|[from] ability: Snow Warning|[of] p1b: Ninetales\n|turn|3\n|j| t0ffeee\n|\n|t:|1733475950\n|move|p1b: Ninetales|Protect|p1b: Ninetales\n|-singleturn|p1b: Ninetales|Protect\n|move|p1a: Sneasler|Dire Claw|p2b: Sneasler\n|-resisted|p2b: Sneasler\n|-damage|p2b: Sneasler|32\/100\n|-status|p2b: Sneasler|par\n|move|p2b: Sneasler|Dire Claw|p1b: Ninetales\n|-activate|p1b: Ninetales|move: Protect\n|move|p2a: Archaludon|Flash Cannon|p1b: Ninetales\n|-activate|p1b: Ninetales|move: Protect\n|\n|-weather|Snow|[upkeep]\n|-heal|p2b: Sneasler|38\/100 par|[from] Grassy Terrain\n|upkeep\n|turn|4\n|\n|t:|1733475969\n|switch|p2b: Pelipper|Pelipper, L50, F|100\/100\n|-weather|RainDance|[from] ability: Drizzle|[of] p2b: Pelipper\n|move|p1a: Sneasler|Dire Claw|p2b: Pelipper\n|-damage|p2b: Pelipper|66\/100\n|move|p1b: Ninetales|Blizzard|p2a: Archaludon|[spread] p2b\n|-miss|p1b: Ninetales|p2a: Archaludon\n|-damage|p2b: Pelipper|17\/100\n|move|p2a: Archaludon|Flash Cannon|p1b: Ninetales\n|-supereffective|p1b: Ninetales\n|-crit|p1b: Ninetales\n|-enditem|p1b: Ninetales|Focus Sash\n|-damage|p1b: Ninetales|1\/100\n|\n|-weather|RainDance|[upkeep]\n|-heal|p1b: Ninetales|7\/100|[from] Grassy Terrain\n|upkeep\n|turn|5\n|\n|t:|1733475988\n|move|p1b: Ninetales|Protect|p1b: Ninetales\n|-singleturn|p1b: Ninetales|Protect\n|move|p2b: Pelipper|Protect|p2b: Pelipper\n|-singleturn|p2b: Pelipper|Protect\n|move|p1a: Sneasler|Dire Claw|p2b: Pelipper\n|-activate|p2b: Pelipper|move: Protect\n|move|p2a: Archaludon|Electro Shot||[still]\n|-prepare|p2a: Archaludon|Electro Shot\n|-boost|p2a: Archaludon|spa|1\n|-anim|p2a: Archaludon|Electro Shot|p1a: Sneasler\n|-damage|p1a: Sneasler|4\/100\n|\n|-weather|RainDance|[upkeep]\n|-heal|p1a: Sneasler|10\/100|[from] Grassy Terrain\n|-heal|p1b: Ninetales|13\/100|[from] Grassy Terrain\n|-fieldend|move: Grassy Terrain\n|upkeep\n|turn|6\n|\n|t:|1733476008\n|switch|p2b: Sneasler|Sneasler, L50, M|38\/100 par\n|move|p1a: Sneasler|Dire Claw|p2a: Archaludon\n|-damage|p2a: Archaludon|75\/100\n|-status|p2a: Archaludon|psn\n|-ability|p2a: Archaludon|Stamina|boost\n|-boost|p2a: Archaludon|def|1\n|move|p1b: Ninetales|Freeze-Dry|p2b: Sneasler\n|-damage|p2b: Sneasler|3\/100 par\n|move|p2a: Archaludon|Electro Shot||[still]\n|-prepare|p2a: Archaludon|Electro Shot\n|-boost|p2a: Archaludon|spa|1\n|-anim|p2a: Archaludon|Electro Shot|p1b: Ninetales\n|-damage|p1b: Ninetales|0 fnt\n|faint|p1b: Ninetales\n|\n|-weather|RainDance|[upkeep]\n|-damage|p2a: Archaludon|63\/100 psn|[from] psn\n|upkeep\n|\n|t:|1733476025\n|switch|p1b: Dragonite|Dragonite, L50, M|100\/100\n|turn|7\n|\n|t:|1733476035\n|-terastallize|p1b: Dragonite|Steel\n|move|p1a: Sneasler|Protect|p1a: Sneasler\n|-singleturn|p1a: Sneasler|Protect\n|move|p2a: Archaludon|Draco Meteor|p1b: Dragonite\n|-resisted|p1b: Dragonite\n|-damage|p1b: Dragonite|68\/100\n|-unboost|p2a: Archaludon|spa|2\n|move|p1b: Dragonite|Haze|p1b: Dragonite\n|-clearallboost\n|move|p2b: Sneasler|Dire Claw|p1a: Sneasler\n|-activate|p1a: Sneasler|move: Protect\n|\n|-weather|RainDance|[upkeep]\n|-damage|p2a: Archaludon|51\/100 psn|[from] psn\n|upkeep\n|turn|8\n|inactive|totolaw has 30 seconds left.\n|\n|t:|1733476060\n|move|p1a: Sneasler|Dire Claw|p2a: Archaludon\n|-damage|p2a: Archaludon|16\/100 psn\n|-ability|p2a: Archaludon|Stamina|boost\n|-boost|p2a: Archaludon|def|1\n|move|p2a: Archaludon|Electro Shot||[still]\n|-prepare|p2a: Archaludon|Electro Shot\n|-boost|p2a: Archaludon|spa|1\n|-anim|p2a: Archaludon|Electro Shot|p1a: Sneasler\n|-damage|p1a: Sneasler|0 fnt\n|faint|p1a: Sneasler\n|move|p1b: Dragonite|Scale Shot|p2b: Sneasler\n|-damage|p2b: Sneasler|0 fnt\n|faint|p2b: Sneasler\n|-hitcount|p2: Sneasler|1\n|-unboost|p1b: Dragonite|def|1\n|-boost|p1b: Dragonite|spe|1\n|\n|-weather|none\n|-damage|p2a: Archaludon|4\/100 psn|[from] psn\n|upkeep\n|\n|t:|1733476068\n|switch|p2b: Indeedee|Indeedee, L50, M|100\/100\n|-fieldstart|move: Psychic Terrain|[from] ability: Psychic Surge|[of] p2b: Indeedee\n|turn|9\n|\n|t:|1733476084\n|move|p1b: Dragonite|Protect|p1b: Dragonite\n|-singleturn|p1b: Dragonite|Protect\n|move|p2b: Indeedee|Expanding Force|p1b: Dragonite\n|-activate|p1b: Dragonite|move: Protect\n|move|p2a: Archaludon|Body Press|p1b: Dragonite\n|-activate|p1b: Dragonite|move: Protect\n|\n|-damage|p2a: Archaludon|0 fnt|[from] psn\n|faint|p2a: Archaludon\n|upkeep\n|\n|t:|1733476086\n|switch|p2a: Pelipper|Pelipper, L50, F|17\/100\n|-weather|RainDance|[from] ability: Drizzle|[of] p2a: Pelipper\n|turn|10\n|\n|t:|1733476098\n|move|p2b: Indeedee|Protect|p2b: Indeedee\n|-singleturn|p2b: Indeedee|Protect\n|move|p1b: Dragonite|Scale Shot|p2a: Pelipper\n|-damage|p2a: Pelipper|2\/100\n|-damage|p2a: Pelipper|0 fnt\n|faint|p2a: Pelipper\n|-hitcount|p2: Pelipper|2\n|-unboost|p1b: Dragonite|def|1\n|-boost|p1b: Dragonite|spe|1\n|\n|-weather|RainDance|[upkeep]\n|upkeep\n|turn|11\n|\n|t:|1733476108\n|move|p1b: Dragonite|Protect|p1b: Dragonite\n|-singleturn|p1b: Dragonite|Protect\n|move|p2b: Indeedee|Expanding Force|p1b: Dragonite\n|-activate|p1b: Dragonite|move: Protect\n|\n|-weather|RainDance|[upkeep]\n|upkeep\n|turn|12\n|\n|t:|1733476115\n|move|p1b: Dragonite|Scale Shot|p2b: Indeedee\n|-damage|p2b: Indeedee|71\/100\n|-damage|p2b: Indeedee|39\/100\n|-damage|p2b: Indeedee|6\/100\n|-damage|p2b: Indeedee|0 fnt\n|faint|p2b: Indeedee\n|-hitcount|p2: Indeedee|4\n|\n|win|totolaw\n|raw|totolaw's rating: 1660 &rarr; <strong>1685<\/strong><br \/>(+25 for winning)\n|raw|jayjazZa's rating: 1753 &rarr; <strong>1728<\/strong><br \/>(-25 for losing)\n|l|\u2606jayjazZa\n|player|p2|\n|l|\u2606totolaw\n|player|p1|\n|l| t0ffeee\n|j| t0ffeee\n","uploadtime":1733476133,"views":10,"formatid":"gen9vgc2024regh","rating":1685,"private":0,"password":null}