{"id":"gen9vgc2024regh-2257865561","format":"[Gen 9] VGC 2024 Reg H","players":["drive stone","Riemann39"],"log":"|j|\u2606drive stone\n|j|\u2606Riemann39\n|t:|1733490876\n|gametype|doubles\n|player|p1|drive stone|pryce|1663\n|player|p2|Riemann39|lucas|1759\n|teamsize|p1|6\n|teamsize|p2|6\n|gen|9\n|tier|[Gen 9] VGC 2024 Reg H\n|rated|\n|rule|Species Clause: Limit one of each Pok\u00e9mon\n|rule|Item Clause: Limit 1 of each item\n|clearpoke\n|poke|p1|Gholdengo, L50|\n|poke|p1|Ursaluna-Bloodmoon, L50, M|\n|poke|p1|Ninetales-Alola, L50, F|\n|poke|p1|Magmar, L50, M|\n|poke|p1|Annihilape, L50, F|\n|poke|p1|Dragonite, L50, M|\n|poke|p2|Whimsicott, L50, F|\n|poke|p2|Incineroar, L50, M|\n|poke|p2|Dragonite, L50, F|\n|poke|p2|Rillaboom, L50, M|\n|poke|p2|Gholdengo, L50|\n|poke|p2|Ursaluna-Bloodmoon, L50, M|\n|teampreview|4\n|inactive|Battle timer is ON: inactive players will automatically lose when time's up. (requested by Riemann39)\n|j| Brandon A Hole\n|l| Brandon A Hole\n|inactive|drive stone has 60 seconds left.\n|\n|t:|1733490959\n|start\n|switch|p1a: Gholdengo|Gholdengo, L50|100\/100\n|switch|p1b: Magmar|Magmar, L50, M|100\/100\n|switch|p2a: Dragonite|Dragonite, L50, F|100\/100\n|switch|p2b: Gholdengo|Gholdengo, L50|100\/100\n|turn|1\n|\n|t:|1733490978\n|-terastallize|p2b: Gholdengo|Steel\n|move|p1b: Magmar|Overheat|p2b: Gholdengo\n|-supereffective|p2b: Gholdengo\n|-damage|p2b: Gholdengo|0 fnt\n|-unboost|p1b: Magmar|spa|2\n|faint|p2b: Gholdengo\n|move|p1a: Gholdengo|Nasty Plot|p1a: Gholdengo\n|-boost|p1a: Gholdengo|spa|2\n|move|p2a: Dragonite|Scale Shot|p1b: Magmar|[miss]\n|-miss|p2a: Dragonite|p1b: Magmar\n|\n|upkeep\n|c|\u2606Riemann39|??\n|\n|t:|1733490989\n|switch|p2b: Incineroar|Incineroar, L50, M|100\/100\n|-ability|p2b: Incineroar|Intimidate|boost\n|-unboost|p1a: Gholdengo|atk|1\n|-unboost|p1b: Magmar|atk|1\n|turn|2\n|\n|t:|1733491000\n|move|p1b: Magmar|Follow Me|p1b: Magmar\n|-singleturn|p1b: Magmar|move: Follow Me\n|move|p1a: Gholdengo|Nasty Plot|p1a: Gholdengo\n|-boost|p1a: Gholdengo|spa|2\n|move|p2a: Dragonite|Scale Shot|p1b: Magmar|[miss]\n|-miss|p2a: Dragonite|p1b: Magmar\n|move|p2b: Incineroar|Knock Off|p1b: Magmar\n|-damage|p1b: Magmar|58\/100\n|-enditem|p1b: Magmar|Eviolite|[from] move: Knock Off|[of] p2b: Incineroar\n|\n|upkeep\n|turn|3\n|inactive|drive stone has 30 seconds left.\n|inactive|Riemann39 has 30 seconds left.\n|inactive|drive stone has 20 seconds left.\n|inactive|Riemann39 has 20 seconds left.\n|inactive|drive stone has 15 seconds left.\n|inactive|Riemann39 has 15 seconds left.\n|\n|t:|1733491043\n|-terastallize|p1a: Gholdengo|Dragon\n|move|p2a: Dragonite|Protect|p2a: Dragonite\n|-singleturn|p2a: Dragonite|Protect\n|move|p1b: Magmar|Clear Smog|p2a: Dragonite\n|-activate|p2a: Dragonite|move: Protect\n|move|p1a: Gholdengo|Make It Rain|p2b: Incineroar|[spread] p2b\n|-activate|p2a: Dragonite|move: Protect\n|-resisted|p2b: Incineroar\n|-damage|p2b: Incineroar|30\/100\n|-unboost|p1a: Gholdengo|spa|1\n|move|p2b: Incineroar|Knock Off|p1a: Gholdengo\n|-damage|p1a: Gholdengo|57\/100\n|-enditem|p1a: Gholdengo|Metal Coat|[from] move: Knock Off|[of] p2b: Incineroar\n|\n|upkeep\n|turn|4\n|inactive|drive stone has 30 seconds left.\n|\n|t:|1733491078\n|move|p1b: Magmar|Follow Me|p1b: Magmar\n|-singleturn|p1b: Magmar|move: Follow Me\n|move|p1a: Gholdengo|Nasty Plot|p1a: Gholdengo\n|-boost|p1a: Gholdengo|spa|2\n|move|p2a: Dragonite|Scale Shot|p1b: Magmar\n|-damage|p1b: Magmar|35\/100\n|-damage|p1b: Magmar|12\/100\n|-damage|p1b: Magmar|0 fnt\n|faint|p1b: Magmar\n|-hitcount|p1: Magmar|3\n|-unboost|p2a: Dragonite|def|1\n|-boost|p2a: Dragonite|spe|1\n|move|p2b: Incineroar|Knock Off|p1a: Gholdengo\n|-damage|p1a: Gholdengo|29\/100\n|\n|upkeep\n|inactive|drive stone has 30 seconds left.\n|\n|t:|1733491105\n|switch|p1b: Dragonite|Dragonite, L50, M|100\/100\n|turn|5\n|\n|t:|1733491128\n|move|p2a: Dragonite|Protect|p2a: Dragonite\n|-singleturn|p2a: Dragonite|Protect\n|move|p1a: Gholdengo|Make It Rain|p2a: Dragonite|[spread] p2b\n|-activate|p2a: Dragonite|move: Protect\n|-resisted|p2b: Incineroar\n|-damage|p2b: Incineroar|0 fnt\n|-unboost|p1a: Gholdengo|spa|1\n|faint|p2b: Incineroar\n|move|p1b: Dragonite|Scale Shot|p2a: Dragonite\n|-activate|p2a: Dragonite|move: Protect\n|\n|upkeep\n|\n|t:|1733491136\n|switch|p2b: Ursaluna|Ursaluna-Bloodmoon, L50, M|100\/100\n|turn|6\n|\n|t:|1733491156\n|move|p2b: Ursaluna|Vacuum Wave|p1b: Dragonite\n|-resisted|p1b: Dragonite\n|-damage|p1b: Dragonite|97\/100\n|move|p2a: Dragonite|Scale Shot|p1b: Dragonite\n|-supereffective|p1b: Dragonite\n|-damage|p1b: Dragonite|67\/100\n|-supereffective|p1b: Dragonite\n|-damage|p1b: Dragonite|35\/100\n|-supereffective|p1b: Dragonite\n|-damage|p1b: Dragonite|5\/100\n|-supereffective|p1b: Dragonite\n|-damage|p1b: Dragonite|0 fnt\n|faint|p1b: Dragonite\n|-hitcount|p1: Dragonite|4\n|-unboost|p2a: Dragonite|def|1\n|-boost|p2a: Dragonite|spe|1\n|move|p1a: Gholdengo|Make It Rain|p2b: Ursaluna|[spread] p2a,p2b\n|-damage|p2a: Dragonite|23\/100\n|-damage|p2b: Ursaluna|0 fnt\n|-unboost|p1a: Gholdengo|spa|1\n|faint|p2b: Ursaluna\n|\n|upkeep\n|\n|t:|1733491178\n|switch|p1b: Ursaluna|Ursaluna-Bloodmoon, L50, M|100\/100\n|turn|7\n|\n|t:|1733491189\n|move|p2a: Dragonite|Scale Shot|p1a: Gholdengo\n|-supereffective|p1a: Gholdengo\n|-damage|p1a: Gholdengo|0 fnt\n|faint|p1a: Gholdengo\n|-hitcount|p1: Gholdengo|1\n|-unboost|p2a: Dragonite|def|1\n|-boost|p2a: Dragonite|spe|1\n|move|p1b: Ursaluna|Blood Moon|p2a: Dragonite\n|-damage|p2a: Dragonite|0 fnt\n|faint|p2a: Dragonite\n|\n|win|drive stone\n|raw|drive stone's rating: 1663 &rarr; <strong>1689<\/strong><br \/>(+26 for winning)\n|raw|Riemann39's rating: 1780 &rarr; <strong>1754<\/strong><br \/>(-26 for losing)\n|l|\u2606Riemann39\n|player|p2|\n|l|\u2606drive stone\n|player|p1|\n","uploadtime":1733491381,"views":20,"formatid":"gen9vgc2024regh","rating":1689,"private":0,"password":null}