{"id":"gen9vgc2024regh-2257609992","format":"[Gen 9] VGC 2024 Reg H","players":["tuanxinhgai","hella_faerie37"],"log":"|j|\u2606tuanxinhgai\n|j|\u2606hella_faerie37\n|t:|1733447221\n|gametype|doubles\n|player|p1|tuanxinhgai|1|1684\n|player|p2|hella_faerie37|hoopster|1668\n|teamsize|p1|6\n|teamsize|p2|6\n|gen|9\n|tier|[Gen 9] VGC 2024 Reg H\n|rated|\n|rule|Species Clause: Limit one of each Pok\u00e9mon\n|rule|Item Clause: Limit 1 of each item\n|clearpoke\n|poke|p1|Torkoal, L50, M|\n|poke|p1|Lilligant-Hisui, L50, F|\n|poke|p1|Oranguru, L50, F|\n|poke|p1|Annihilape, L50, F|\n|poke|p1|Ursaluna-Bloodmoon, L50, M|\n|poke|p1|Kingambit, L50, F|\n|poke|p2|Delphox, L50, F|\n|poke|p2|Indeedee-F, L50, F|\n|poke|p2|Sneasler, L50, F|\n|poke|p2|Garchomp, L50, F|\n|poke|p2|Milotic, L50, M|\n|poke|p2|Ninetales-Alola, L50, M|\n|teampreview|4\n|inactive|Battle timer is ON: inactive players will automatically lose when time's up. (requested by hella_faerie37)\n|\n|t:|1733447264\n|start\n|switch|p1a: Annihilape|Annihilape, L50, F|100\/100\n|switch|p1b: Oranguru|Oranguru, L50, F|100\/100\n|switch|p2a: Indeedee|Indeedee-F, L50, F|100\/100\n|switch|p2b: Sneasler|Sneasler, L50, F|100\/100\n|-fieldstart|move: Psychic Terrain|[from] ability: Psychic Surge|[of] p2a: Indeedee\n|-enditem|p2b: Sneasler|Psychic Seed\n|-boost|p2b: Sneasler|spd|1|[from] item: Psychic Seed\n|turn|1\n|\n|t:|1733447287\n|-terastallize|p2b: Sneasler|Dark\n|move|p2b: Sneasler|Throat Chop|p1a: Annihilape\n|-damage|p1a: Annihilape|55\/100\n|-start|p1a: Annihilape|Throat Chop|[silent]\n|move|p1a: Annihilape|Final Gambit|p2a: Indeedee\n|-damage|p2a: Indeedee|34\/100\n|-enditem|p2a: Indeedee|Sitrus Berry|[eat]\n|-heal|p2a: Indeedee|59\/100|[from] item: Sitrus Berry\n|faint|p1a: Annihilape\n|move|p2a: Indeedee|Imprison|p2a: Indeedee\n|-start|p2a: Indeedee|move: Imprison\n|cant|p1b: Oranguru|move: Imprison|Trick Room\n|\n|upkeep\n|j| lpo8\n|\n|t:|1733447302\n|switch|p1a: Kingambit|Kingambit, L50, F|100\/100\n|turn|2\n|\n|t:|1733447326\n|-terastallize|p1a: Kingambit|Flying\n|move|p2a: Indeedee|Helping Hand|p2b: Sneasler\n|-singleturn|p2b: Sneasler|Helping Hand|[of] p2a: Indeedee\n|move|p1b: Oranguru|Protect|p1b: Oranguru\n|-singleturn|p1b: Oranguru|Protect\n|move|p2b: Sneasler|Close Combat|p1a: Kingambit\n|-resisted|p1a: Kingambit\n|-damage|p1a: Kingambit|59\/100\n|-unboost|p2b: Sneasler|def|1\n|-unboost|p2b: Sneasler|spd|1\n|move|p1a: Kingambit|Kowtow Cleave|p2a: Indeedee\n|-supereffective|p2a: Indeedee\n|-damage|p2a: Indeedee|0 fnt\n|faint|p2a: Indeedee\n|\n|upkeep\n|\n|t:|1733447348\n|switch|p2a: Delphox|Delphox, L50, F|100\/100\n|turn|3\n|c|\u2606hella_faerie37|Hehehehehehe\n|\n|t:|1733447362\n|move|p1b: Oranguru|Protect||[still]\n|-fail|p1b: Oranguru\n|move|p2b: Sneasler|Throat Chop|p1b: Oranguru\n|-supereffective|p1b: Oranguru\n|-damage|p1b: Oranguru|23\/100\n|-start|p1b: Oranguru|Throat Chop|[silent]\n|move|p2a: Delphox|Expanding Force|p1b: Oranguru|[spread] p1a,p1b\n|-resisted|p1b: Oranguru\n|-damage|p1a: Kingambit|7\/100\n|-damage|p1b: Oranguru|0 fnt\n|faint|p1b: Oranguru\n|move|p1a: Kingambit|Iron Head|p2b: Sneasler\n|-damage|p2b: Sneasler|0 fnt\n|faint|p2b: Sneasler\n|\n|upkeep\n|\n|t:|1733447376\n|switch|p2b: Garchomp|Garchomp, L50, F|100\/100\n|switch|p1b: Ursaluna|Ursaluna-Bloodmoon, L50, M|100\/100\n|turn|4\n|\n|t:|1733447386\n|move|p1b: Ursaluna|Protect|p1b: Ursaluna\n|-singleturn|p1b: Ursaluna|Protect\n|move|p2a: Delphox|Expanding Force|p1a: Kingambit|[spread] p1a\n|-activate|p1b: Ursaluna|move: Protect\n|-crit|p1a: Kingambit\n|-damage|p1a: Kingambit|0 fnt\n|faint|p1a: Kingambit\n|move|p2b: Garchomp|Scale Shot|p1b: Ursaluna\n|-activate|p1b: Ursaluna|move: Protect\n|\n|upkeep\n|turn|5\n|c|\u2606hella_faerie37|Hahahhaa\n|inactive|tuanxinhgai has 30 seconds left.\n|inactive|tuanxinhgai has 20 seconds left.\n|c|\u2606hella_faerie37|No instruct :(\n|inactive|tuanxinhgai has 15 seconds left.\n|inactive|tuanxinhgai has 10 seconds left.\n|inactive|tuanxinhgai has 5 seconds left.\n|\n|t:|1733447441\n|move|p2a: Delphox|Expanding Force|p1b: Ursaluna\n|-damage|p1b: Ursaluna|0 fnt\n|faint|p1b: Ursaluna\n|\n|win|hella_faerie37\n|raw|tuanxinhgai's rating: 1684 &rarr; <strong>1663<\/strong><br \/>(-21 for losing)\n|raw|hella_faerie37's rating: 1668 &rarr; <strong>1689<\/strong><br \/>(+21 for winning)\n|l|\u2606hella_faerie37\n|player|p2|\n|l| lpo8\n","uploadtime":1733447667,"views":4,"formatid":"gen9vgc2024regh","rating":1663,"private":0,"password":null}