{"id":"gen9vgc2024regh-2257857734","format":"[Gen 9] VGC 2024 Reg H","players":["Riemann39","Has_Perry"],"log":"|j|\u2606Riemann39\n|j|\u2606Has_Perry\n|t:|1733489784\n|gametype|doubles\n|player|p1|Riemann39|lucas|1712\n|player|p2|Has_Perry|veteran|1713\n|teamsize|p1|6\n|teamsize|p2|6\n|gen|9\n|tier|[Gen 9] VGC 2024 Reg H\n|rated|\n|rule|Species Clause: Limit one of each Pok\u00e9mon\n|rule|Item Clause: Limit 1 of each item\n|clearpoke\n|poke|p1|Whimsicott, L50, F|\n|poke|p1|Incineroar, L50, M|\n|poke|p1|Dragonite, L50, F|\n|poke|p1|Rillaboom, L50, M|\n|poke|p1|Gholdengo, L50|\n|poke|p1|Ursaluna-Bloodmoon, L50, M|\n|poke|p2|Archaludon, L50, F|\n|poke|p2|Pelipper, L50, M|\n|poke|p2|Basculegion, L50, M|\n|poke|p2|Amoonguss, L50, F|\n|poke|p2|Gholdengo, L50|\n|poke|p2|Incineroar, L50, M|\n|teampreview|4\n|j| Mixam91\n|c| Mixam91|gg already\n|c|\u2606Has_Perry|sorry for waiting\n|\n|t:|1733489942\n|start\n|switch|p1a: Rillaboom|Rillaboom, L50, M|100\/100\n|switch|p1b: Dragonite|Dragonite, L50, F|100\/100\n|switch|p2a: Archaludon|Archaludon, L50, F|100\/100\n|switch|p2b: Basculegion|Basculegion, L50, M, shiny|100\/100\n|-fieldstart|move: Grassy Terrain|[from] ability: Grassy Surge|[of] p1a: Rillaboom\n|turn|1\n|inactive|Battle timer is ON: inactive players will automatically lose when time's up. (requested by Riemann39)\n|\n|t:|1733489990\n|switch|p2b: Pelipper|Pelipper, L50, M|100\/100\n|-weather|RainDance|[from] ability: Drizzle|[of] p2b: Pelipper\n|move|p1b: Dragonite|Protect|p1b: Dragonite\n|-singleturn|p1b: Dragonite|Protect\n|move|p1a: Rillaboom|Worry Seed|p2a: Archaludon\n|-endability|p2a: Archaludon|Stamina|[from] move: Worry Seed\n|-ability|p2a: Archaludon|Insomnia|[from] move: Worry Seed\n|move|p2a: Archaludon|Electro Shot||[still]\n|-prepare|p2a: Archaludon|Electro Shot\n|-boost|p2a: Archaludon|spa|1\n|-anim|p2a: Archaludon|Electro Shot|p1b: Dragonite\n|-activate|p1b: Dragonite|move: Protect\n|\n|-weather|RainDance|[upkeep]\n|upkeep\n|turn|2\n|inactive|Has_Perry has 30 seconds left.\n|\n|t:|1733490021\n|move|p1a: Rillaboom|Grassy Glide|p2b: Pelipper\n|-damage|p2b: Pelipper|46\/100\n|move|p1b: Dragonite|Scale Shot|p2b: Pelipper|[miss]\n|-miss|p1b: Dragonite|p2b: Pelipper\n|move|p2b: Pelipper|Tailwind|p2b: Pelipper\n|-sidestart|p2: Has_Perry|move: Tailwind\n|move|p2a: Archaludon|Dragon Pulse|p1b: Dragonite\n|-supereffective|p1b: Dragonite\n|-damage|p1b: Dragonite|50\/100\n|\n|-weather|RainDance|[upkeep]\n|upkeep\n|turn|3\n|\n|t:|1733490043\n|move|p1a: Rillaboom|Grassy Glide|p2b: Pelipper\n|-damage|p2b: Pelipper|0 fnt\n|faint|p2b: Pelipper\n|move|p2a: Archaludon|Dragon Pulse|p1a: Rillaboom\n|-damage|p1a: Rillaboom|39\/100\n|move|p1b: Dragonite|Scale Shot|p2a: Archaludon\n|-damage|p2a: Archaludon|90\/100\n|-damage|p2a: Archaludon|79\/100\n|-damage|p2a: Archaludon|69\/100\n|-damage|p2a: Archaludon|58\/100\n|-damage|p2a: Archaludon|47\/100\n|-hitcount|p2a: Archaludon|5\n|-unboost|p1b: Dragonite|def|1\n|-boost|p1b: Dragonite|spe|1\n|\n|-weather|RainDance|[upkeep]\n|-heal|p2a: Archaludon|54\/100|[from] Grassy Terrain\n|-heal|p1a: Rillaboom|45\/100|[from] Grassy Terrain\n|upkeep\n|\n|t:|1733490050\n|switch|p2b: Incineroar|Incineroar, L50, M|100\/100\n|-ability|p2b: Incineroar|Intimidate|boost\n|-unboost|p1a: Rillaboom|atk|1\n|-unboost|p1b: Dragonite|atk|1\n|turn|4\n|inactive|Riemann39 has 30 seconds left.\n|inactive|Riemann39 has 20 seconds left.\n|\n|t:|1733490089\n|switch|p1a: Whimsicott|Whimsicott, L50, F|100\/100\n|move|p2b: Incineroar|Fake Out|p1a: Whimsicott\n|-damage|p1a: Whimsicott|84\/100\n|move|p2a: Archaludon|Electro Shot||[still]\n|-prepare|p2a: Archaludon|Electro Shot\n|-boost|p2a: Archaludon|spa|1\n|-anim|p2a: Archaludon|Electro Shot|p1b: Dragonite\n|-damage|p1b: Dragonite|0 fnt\n|faint|p1b: Dragonite\n|\n|-weather|RainDance|[upkeep]\n|-heal|p2a: Archaludon|60\/100|[from] Grassy Terrain\n|-heal|p1a: Whimsicott|90\/100|[from] Grassy Terrain\n|upkeep\n|\n|t:|1733490099\n|switch|p1b: Ursaluna|Ursaluna-Bloodmoon, L50, M|100\/100\n|turn|5\n|inactive|Has_Perry has 30 seconds left.\n|\n|t:|1733490126\n|-terastallize|p2a: Archaludon|Bug\n|move|p1a: Whimsicott|Encore|p2a: Archaludon\n|-start|p2a: Archaludon|Encore\n|move|p2a: Archaludon|Electro Shot||[still]\n|-prepare|p2a: Archaludon|Electro Shot\n|-boost|p2a: Archaludon|spa|1\n|-anim|p2a: Archaludon|Electro Shot|p1a: Whimsicott\n|-resisted|p1a: Whimsicott\n|-damage|p1a: Whimsicott|19\/100\n|move|p2b: Incineroar|Parting Shot|p1b: Ursaluna\n|-unboost|p1b: Ursaluna|atk|1\n|-unboost|p1b: Ursaluna|spa|1\n|\n|t:|1733490137\n|switch|p2b: Basculegion|Basculegion, L50, M, shiny|100\/100|[from] Parting Shot\n|move|p1b: Ursaluna|Earth Power|p2a: Archaludon\n|-resisted|p2a: Archaludon\n|-damage|p2a: Archaludon|48\/100\n|\n|-weather|none\n|-heal|p2a: Archaludon|55\/100|[from] Grassy Terrain\n|-heal|p1a: Whimsicott|25\/100|[from] Grassy Terrain\n|-sideend|p2: Has_Perry|move: Tailwind\n|-fieldend|move: Grassy Terrain\n|upkeep\n|turn|6\n|inactive|Has_Perry has 30 seconds left.\n|inactive|Riemann39 has 30 seconds left.\n|\n|t:|1733490173\n|switch|p2a: Incineroar|Incineroar, L50, M|100\/100\n|-ability|p2a: Incineroar|Intimidate|boost\n|-unboost|p1a: Whimsicott|atk|1\n|-unboost|p1b: Ursaluna|atk|1\n|move|p1a: Whimsicott|Tailwind|p1a: Whimsicott\n|-sidestart|p1: Riemann39|move: Tailwind\n|move|p1b: Ursaluna|Blood Moon|p2a: Incineroar\n|-damage|p2a: Incineroar|54\/100\n|move|p2b: Basculegion|Wave Crash|p1b: Ursaluna\n|-supereffective|p1b: Ursaluna\n|-damage|p1b: Ursaluna|0 fnt\n|faint|p1b: Ursaluna\n|-damage|p2b: Basculegion|65\/100|[from] Recoil\n|\n|upkeep\n|\n|t:|1733490186\n|switch|p1b: Rillaboom|Rillaboom, L50, M|45\/100\n|-fieldstart|move: Grassy Terrain|[from] ability: Grassy Surge|[of] p1b: Rillaboom\n|turn|7\n|\n|t:|1733490203\n|move|p1a: Whimsicott|Moonblast|p2a: Incineroar\n|-damage|p2a: Incineroar|23\/100\n|move|p1b: Rillaboom|Wood Hammer|p2a: Incineroar\n|-resisted|p2a: Incineroar\n|-damage|p2a: Incineroar|0 fnt\n|-damage|p1b: Rillaboom|29\/100|[from] item: Rocky Helmet|[of] p2a: Incineroar\n|faint|p2a: Incineroar\n|-damage|p1b: Rillaboom|20\/100|[from] Recoil\n|move|p2b: Basculegion|Wave Crash|p1a: Whimsicott\n|-resisted|p1a: Whimsicott\n|-damage|p1a: Whimsicott|0 fnt\n|faint|p1a: Whimsicott\n|-damage|p2b: Basculegion|59\/100|[from] Recoil\n|\n|-heal|p1b: Rillaboom|26\/100|[from] Grassy Terrain\n|-heal|p2b: Basculegion|65\/100|[from] Grassy Terrain\n|upkeep\n|c|\u2606Has_Perry|gg\n|\n|t:|1733490219\n|switch|p2a: Archaludon|Archaludon, L50, F, tera:Bug|55\/100\n|turn|8\n|c|\u2606Riemann39|gg\n|\n|t:|1733490224\n|move|p1b: Rillaboom|Grassy Glide|p2b: Basculegion\n|-supereffective|p2b: Basculegion\n|-damage|p2b: Basculegion|0 fnt\n|faint|p2b: Basculegion\n|move|p2a: Archaludon|Dragon Pulse|p1b: Rillaboom\n|-damage|p1b: Rillaboom|0 fnt\n|faint|p1b: Rillaboom\n|\n|win|Has_Perry\n|raw|Riemann39's rating: 1726 &rarr; <strong>1705<\/strong><br \/>(-21 for losing)\n|raw|Has_Perry's rating: 1713 &rarr; <strong>1734<\/strong><br \/>(+21 for winning)\n|l|\u2606Riemann39\n|player|p1|\n|l|\u2606Has_Perry\n|player|p2|\n|l| Mixam91\n","uploadtime":1733490565,"views":13,"formatid":"gen9vgc2024regh","rating":1705,"private":0,"password":null}