{"id":"gen9vgc2024regh-2257055706","format":"[Gen 9] VGC 2024 Reg H","players":["greenlightdmp","lightlf9"],"log":"|j|\u2606greenlightdmp\n|j|\u2606lightlf9\n|t:|1733378105\n|gametype|doubles\n|player|p1|greenlightdmp|266|1709\n|player|p2|lightlf9|lucas|1685\n|teamsize|p1|6\n|teamsize|p2|6\n|gen|9\n|tier|[Gen 9] VGC 2024 Reg H\n|rated|\n|rule|Species Clause: Limit one of each Pok\u00e9mon\n|rule|Item Clause: Limit 1 of each item\n|clearpoke\n|poke|p1|Pelipper, L50, F|\n|poke|p1|Archaludon, L50, F|\n|poke|p1|Sneasler, L50, M|\n|poke|p1|Dragonite, L50, F|\n|poke|p1|Basculegion, L50, M|\n|poke|p1|Rillaboom, L50, M|\n|poke|p2|Garganacl, L50, F|\n|poke|p2|Sneasler, L50, F|\n|poke|p2|Gholdengo, L50|\n|poke|p2|Ninetales-Alola, L50, F|\n|poke|p2|Dondozo, L50, M|\n|poke|p2|Incineroar, L50, M|\n|teampreview|4\n|\n|t:|1733378181\n|start\n|switch|p1a: Thanotos|Basculegion, L50, M|100\/100\n|switch|p1b: Hermes|Sneasler, L50, M|100\/100\n|switch|p2a: Garganacl|Garganacl, L50, F|100\/100\n|switch|p2b: Gholdengo|Gholdengo, L50|100\/100\n|turn|1\n|j| futonkagebunshin\n|\n|t:|1733378218\n|switch|p2a: Ninetales|Ninetales-Alola, L50, F|100\/100\n|-weather|Snow|[from] ability: Snow Warning|[of] p2a: Ninetales\n|move|p2b: Gholdengo|Shadow Ball|p1a: Thanotos\n|-supereffective|p1a: Thanotos\n|-damage|p1a: Thanotos|0 fnt\n|faint|p1a: Thanotos\n|move|p1b: Hermes|Throat Chop|p2b: Gholdengo\n|-supereffective|p2b: Gholdengo\n|-damage|p2b: Gholdengo|36\/100\n|-start|p2b: Gholdengo|Throat Chop|[silent]\n|\n|-weather|Snow|[upkeep]\n|upkeep\n|\n|t:|1733378240\n|switch|p1a: Posiden|Pelipper, L50, F|100\/100\n|-weather|RainDance|[from] ability: Drizzle|[of] p1a: Posiden\n|turn|2\n|\n|t:|1733378260\n|switch|p2a: Garganacl|Garganacl, L50, F|100\/100\n|move|p1a: Posiden|Protect|p1a: Posiden\n|-singleturn|p1a: Posiden|Protect\n|move|p2b: Gholdengo|Shadow Ball|p1a: Posiden\n|-activate|p1a: Posiden|move: Protect\n|move|p1b: Hermes|Throat Chop|p2b: Gholdengo\n|-supereffective|p2b: Gholdengo\n|-damage|p2b: Gholdengo|0 fnt\n|faint|p2b: Gholdengo\n|\n|-weather|RainDance|[upkeep]\n|upkeep\n|\n|t:|1733378275\n|switch|p2b: Ninetales|Ninetales-Alola, L50, F|100\/100\n|-weather|Snow|[from] ability: Snow Warning|[of] p2b: Ninetales\n|turn|3\n|\n|t:|1733378310\n|-terastallize|p2a: Garganacl|Flying\n|move|p1b: Hermes|Dire Claw|p2b: Ninetales\n|-supereffective|p2b: Ninetales\n|-damage|p2b: Ninetales|21\/100\n|move|p2b: Ninetales|Blizzard|p1b: Hermes|[spread] p1a,p1b\n|-damage|p1a: Posiden|52\/100\n|-damage|p1b: Hermes|50\/100\n|-status|p1b: Hermes|frz\n|move|p1a: Posiden|Tailwind|p1a: Posiden\n|-sidestart|p1: greenlightdmp|move: Tailwind\n|move|p2a: Garganacl|Salt Cure|p1a: Posiden\n|-supereffective|p1a: Posiden\n|-crit|p1a: Posiden\n|-damage|p1a: Posiden|0 fnt\n|faint|p1a: Posiden\n|\n|-weather|Snow|[upkeep]\n|upkeep\n|\n|t:|1733378319\n|switch|p1a: Hephetus|Archaludon, L50, F|100\/100\n|turn|4\n|\n|t:|1733378335\n|-curestatus|p1b: Hermes|frz|[msg]\n|move|p1b: Hermes|Dire Claw|p2b: Ninetales\n|-supereffective|p2b: Ninetales\n|-damage|p2b: Ninetales|0 fnt\n|faint|p2b: Ninetales\n|move|p1a: Hephetus|Flash Cannon|p2a: Garganacl\n|-damage|p2a: Garganacl|74\/100\n|-enditem|p2a: Garganacl|Maranga Berry|[eat]\n|-boost|p2a: Garganacl|spd|1|[from] item: Maranga Berry\n|move|p2a: Garganacl|Salt Cure|p1a: Hephetus\n|-resisted|p1a: Hephetus\n|-damage|p1a: Hephetus|96\/100\n|-start|p1a: Hephetus|Salt Cure\n|-ability|p1a: Hephetus|Stamina|boost\n|-boost|p1a: Hephetus|def|1\n|\n|-weather|Snow|[upkeep]\n|-damage|p1a: Hephetus|71\/100|[from] Salt Cure\n|upkeep\n|\n|t:|1733378352\n|switch|p2b: Sneasler|Sneasler, L50, F|100\/100\n|turn|5\n|\n|t:|1733378377\n|move|p2b: Sneasler|Protect|p2b: Sneasler\n|-singleturn|p2b: Sneasler|Protect\n|move|p1b: Hermes|Dire Claw|p2b: Sneasler\n|-activate|p2b: Sneasler|move: Protect\n|move|p1a: Hephetus|Flash Cannon|p2b: Sneasler\n|-activate|p2b: Sneasler|move: Protect\n|move|p2a: Garganacl|Recover|p2a: Garganacl\n|-heal|p2a: Garganacl|100\/100\n|\n|-weather|Snow|[upkeep]\n|-damage|p1a: Hephetus|46\/100|[from] Salt Cure\n|upkeep\n|turn|6\n|\n|t:|1733378392\n|move|p1b: Hermes|Dire Claw|p2b: Sneasler\n|-resisted|p2b: Sneasler\n|-crit|p2b: Sneasler\n|-damage|p2b: Sneasler|50\/100\n|move|p1a: Hephetus|Flash Cannon|p2b: Sneasler\n|-damage|p2b: Sneasler|0 fnt\n|faint|p2b: Sneasler\n|move|p2a: Garganacl|Salt Cure|p1b: Hermes\n|-resisted|p1b: Hermes\n|-damage|p1b: Hermes|38\/100\n|-start|p1b: Hermes|Salt Cure\n|\n|-weather|Snow|[upkeep]\n|-damage|p1b: Hermes|26\/100|[from] Salt Cure\n|-damage|p1a: Hephetus|21\/100|[from] Salt Cure\n|-sideend|p1: greenlightdmp|move: Tailwind\n|upkeep\n|turn|7\n|\n|t:|1733378427\n|move|p1b: Hermes|Dire Claw|p2a: Garganacl\n|-damage|p2a: Garganacl|70\/100\n|move|p1a: Hephetus|Draco Meteor|p2a: Garganacl\n|-damage|p2a: Garganacl|40\/100\n|-unboost|p1a: Hephetus|spa|2\n|move|p2a: Garganacl|Salt Cure|p1b: Hermes\n|-resisted|p1b: Hermes\n|-damage|p1b: Hermes|15\/100\n|\n|-weather|none\n|-damage|p1b: Hermes|2\/100|[from] Salt Cure\n|-damage|p1a: Hephetus|0 fnt|[from] Salt Cure\n|faint|p1a: Hephetus\n|upkeep\n|turn|8\n|j| AAASSS2323\n|\n|t:|1733378445\n|-terastallize|p1b: Hermes|Dark\n|move|p2a: Garganacl|Protect|p2a: Garganacl\n|-singleturn|p2a: Garganacl|Protect\n|move|p1b: Hermes|Throat Chop|p2a: Garganacl\n|-activate|p2a: Garganacl|move: Protect\n|\n|-damage|p1b: Hermes|0 fnt|[from] Salt Cure\n|faint|p1b: Hermes\n|\n|win|lightlf9\n|upkeep\n|raw|greenlightdmp's rating: 1709 &rarr; <strong>1688<\/strong><br \/>(-21 for losing)\n|raw|lightlf9's rating: 1685 &rarr; <strong>1706<\/strong><br \/>(+21 for winning)\n|l|\u2606greenlightdmp\n|player|p1|\n","uploadtime":1733378620,"views":11,"formatid":"gen9vgc2024regh","rating":1688,"private":0,"password":null}