{"id":"gen9vgc2024regh-2257173730","format":"[Gen 9] VGC 2024 Reg H","players":["0rion1798","tecaes televantas"],"log":"|j|\u26060rion1798\n|j|\u2606tecaes televantas\n|t:|1733399744\n|gametype|doubles\n|player|p1|0rion1798|170|1703\n|player|p2|tecaes televantas|cilan|1783\n|teamsize|p1|6\n|teamsize|p2|6\n|gen|9\n|tier|[Gen 9] VGC 2024 Reg H\n|rated|\n|rule|Species Clause: Limit one of each Pok\u00e9mon\n|rule|Item Clause: Limit 1 of each item\n|clearpoke\n|poke|p1|Pelipper, L50, F|\n|poke|p1|Archaludon, L50, F|\n|poke|p1|Kingambit, L50, F|\n|poke|p1|Rillaboom, L50, F|\n|poke|p1|Sneasler, L50, M|\n|poke|p1|Basculegion, L50, M|\n|poke|p2|Armarouge, L50, M|\n|poke|p2|Dragapult, L50, M|\n|poke|p2|Electabuzz, L50, M|\n|poke|p2|Kingambit, L50, M|\n|poke|p2|Ursaluna-Bloodmoon, L50, M|\n|poke|p2|Whimsicott, L50, F|\n|teampreview|4\n|inactive|Battle timer is ON: inactive players will automatically lose when time's up. (requested by tecaes televantas)\n|\n|t:|1733399824\n|start\n|switch|p1a: Rillaboom|Rillaboom, L50, F, shiny|100\/100\n|switch|p1b: Sneasler|Sneasler, L50, M|100\/100\n|switch|p2a: Armarouge|Armarouge, L50, M|100\/100\n|switch|p2b: Whimsicott|Whimsicott, L50, F|100\/100\n|-fieldstart|move: Grassy Terrain|[from] ability: Grassy Surge|[of] p1a: Rillaboom\n|-enditem|p1b: Sneasler|Grassy Seed\n|-boost|p1b: Sneasler|def|1|[from] item: Grassy Seed\n|turn|1\n|inactive|0rion1798 has 30 seconds left.\n|\n|t:|1733399854\n|switch|p2b: Electabuzz|Electabuzz, L50, M|100\/100\n|move|p1b: Sneasler|Coaching|p1a: Rillaboom\n|-boost|p1a: Rillaboom|atk|1\n|-boost|p1a: Rillaboom|def|1\n|move|p2a: Armarouge|Heat Wave|p1a: Rillaboom|[spread] p1a,p1b\n|-supereffective|p1a: Rillaboom\n|-damage|p1a: Rillaboom|40\/100\n|-damage|p1b: Sneasler|43\/100\n|move|p1a: Rillaboom|U-turn|p2b: Electabuzz\n|-damage|p2b: Electabuzz|69\/100\n|\n|t:|1733399864\n|switch|p1a: Kingambit|Kingambit, L50, F|100\/100|[from] U-turn\n|\n|-heal|p1b: Sneasler|49\/100|[from] Grassy Terrain\n|-heal|p2b: Electabuzz|75\/100|[from] Grassy Terrain\n|upkeep\n|turn|2\n|\n|t:|1733399876\n|-terastallize|p1a: Kingambit|Dark\n|move|p2b: Electabuzz|Follow Me|p2b: Electabuzz\n|-singleturn|p2b: Electabuzz|move: Follow Me\n|move|p1b: Sneasler|Coaching|p1a: Kingambit\n|-boost|p1a: Kingambit|atk|1\n|-boost|p1a: Kingambit|def|1\n|move|p2a: Armarouge|Heat Wave|p1b: Sneasler|[spread] p1a,p1b\n|-damage|p1a: Kingambit|61\/100\n|-damage|p1b: Sneasler|0 fnt\n|faint|p1b: Sneasler\n|move|p1a: Kingambit|Kowtow Cleave|p2b: Electabuzz\n|-damage|p2b: Electabuzz|0 fnt\n|faint|p2b: Electabuzz\n|\n|-heal|p1a: Kingambit|67\/100|[from] Grassy Terrain\n|upkeep\n|inactive|0rion1798 has 30 seconds left.\n|\n|t:|1733399905\n|switch|p1b: Pelipper|Pelipper, L50, F|100\/100\n|switch|p2b: Whimsicott|Whimsicott, L50, F|100\/100\n|-weather|RainDance|[from] ability: Drizzle|[of] p1b: Pelipper\n|turn|3\n|inactive|0rion1798 has 30 seconds left.\n|inactive|tecaes televantas has 30 seconds left.\n|inactive|tecaes televantas has 20 seconds left.\n|inactive|0rion1798 has 20 seconds left.\n|inactive|tecaes televantas has 15 seconds left.\n|inactive|0rion1798 has 15 seconds left.\n|inactive|tecaes televantas has 10 seconds left.\n|inactive|0rion1798 has 10 seconds left.\n|inactive|tecaes televantas has 5 seconds left.\n|\n|t:|1733399960\n|-terastallize|p2b: Whimsicott|Fire\n|move|p1a: Kingambit|Protect|p1a: Kingambit\n|-singleturn|p1a: Kingambit|Protect\n|move|p2b: Whimsicott|Tailwind|p2b: Whimsicott\n|-sidestart|p2: tecaes televantas|move: Tailwind\n|move|p2a: Armarouge|Meteor Beam||[still]\n|-prepare|p2a: Armarouge|Meteor Beam\n|-boost|p2a: Armarouge|spa|1\n|-enditem|p2a: Armarouge|Power Herb\n|-anim|p2a: Armarouge|Meteor Beam|p1a: Kingambit\n|-activate|p1a: Kingambit|move: Protect\n|move|p1b: Pelipper|Weather Ball|p2b: Whimsicott\n|-supereffective|p2b: Whimsicott\n|-damage|p2b: Whimsicott|0 fnt\n|faint|p2b: Whimsicott\n|\n|-weather|RainDance|[upkeep]\n|-heal|p1a: Kingambit|72\/100|[from] Grassy Terrain\n|upkeep\n|\n|t:|1733399979\n|switch|p2b: Ursaluna|Ursaluna-Bloodmoon, L50, M|100\/100\n|turn|4\n|\n|t:|1733399995\n|move|p2a: Armarouge|Protect|p2a: Armarouge\n|-singleturn|p2a: Armarouge|Protect\n|move|p2b: Ursaluna|Blood Moon|p1a: Kingambit\n|-damage|p1a: Kingambit|0 fnt\n|faint|p1a: Kingambit\n|move|p1b: Pelipper|Weather Ball|p2b: Ursaluna\n|-supereffective|p2b: Ursaluna\n|-enditem|p2b: Ursaluna|Focus Sash\n|-damage|p2b: Ursaluna|1\/100\n|\n|-weather|RainDance|[upkeep]\n|-heal|p2b: Ursaluna|7\/100|[from] Grassy Terrain\n|upkeep\n|\n|t:|1733399998\n|switch|p1a: Rillaboom|Rillaboom, L50, F, shiny|40\/100\n|turn|5\n|inactive|tecaes televantas has 30 seconds left.\n|\n|t:|1733400026\n|move|p1a: Rillaboom|Fake Out|p2a: Armarouge\n|-crit|p2a: Armarouge\n|-damage|p2a: Armarouge|77\/100\n|cant|p2a: Armarouge|flinch\n|move|p2b: Ursaluna|Hyper Voice|p1b: Pelipper|[spread] p1a,p1b\n|-damage|p1a: Rillaboom|10\/100\n|-damage|p1b: Pelipper|34\/100\n|move|p1b: Pelipper|Weather Ball|p2a: Armarouge\n|-supereffective|p2a: Armarouge\n|-damage|p2a: Armarouge|0 fnt\n|faint|p2a: Armarouge\n|\n|-weather|RainDance|[upkeep]\n|-heal|p2b: Ursaluna|13\/100|[from] Grassy Terrain\n|-heal|p1a: Rillaboom|16\/100|[from] Grassy Terrain\n|-fieldend|move: Grassy Terrain\n|upkeep\n|turn|6\n|\n|t:|1733400047\n|move|p2b: Ursaluna|Hyper Voice|p1b: Pelipper|[spread] p1a,p1b\n|-damage|p1a: Rillaboom|0 fnt\n|-damage|p1b: Pelipper|0 fnt\n|faint|p1a: Rillaboom\n|faint|p1b: Pelipper\n|\n|win|tecaes televantas\n|raw|0rion1798's rating: 1703 &rarr; <strong>1688<\/strong><br \/>(-15 for losing)\n|raw|tecaes televantas's rating: 1783 &rarr; <strong>1798<\/strong><br \/>(+15 for winning)\n|l|\u26060rion1798\n|player|p1|\n|l|\u2606tecaes televantas\n|player|p2|\n","uploadtime":1733400282,"views":20,"formatid":"gen9vgc2024regh","rating":1688,"private":0,"password":null}