{"id":"gen9vgc2024regh-2258798992","format":"[Gen 9] VGC 2024 Reg H","players":["OUFR snakeburger","chiitancrazymascot"],"log":"|j|\u2606OUFR snakeburger\n|j|\u2606chiitancrazymascot\n|t:|1733618276\n|gametype|doubles\n|player|p1|OUFR snakeburger|265|1711\n|player|p2|chiitancrazymascot|pokemaniac|1832\n|teamsize|p1|6\n|teamsize|p2|6\n|gen|9\n|tier|[Gen 9] VGC 2024 Reg H\n|rated|\n|rule|Species Clause: Limit one of each Pok\u00e9mon\n|rule|Item Clause: Limit 1 of each item\n|clearpoke\n|poke|p1|Dragonite, L50, F|\n|poke|p1|Sinistcha, L50|\n|poke|p1|Ursaluna, L50, M|\n|poke|p1|Gholdengo, L50|\n|poke|p1|Archaludon, L50, M|\n|poke|p1|Pelipper, L50, M|\n|poke|p2|Annihilape, L50, M|\n|poke|p2|Dondozo, L50, F|\n|poke|p2|Maushold-Four, L50|\n|poke|p2|Gholdengo, L50|\n|poke|p2|Whimsicott, L50, F|\n|poke|p2|Tatsugiri, L50, F|\n|teampreview|4\n|inactive|Battle timer is ON: inactive players will automatically lose when time's up. (requested by chiitancrazymascot)\n|c|\u2606OUFR snakeburger|glhf\n|inactive|chiitancrazymascot has 60 seconds left.\n|\n|t:|1733618322\n|start\n|switch|p1a: Dragonite|Dragonite, L50, F|100\/100\n|switch|p1b: Gholdengo|Gholdengo, L50|100\/100\n|switch|p2a: Maushold|Maushold-Four, L50|100\/100\n|switch|p2b: Annihilape|Annihilape, L50, M, shiny|100\/100\n|turn|1\n|\n|t:|1733618337\n|move|p1b: Gholdengo|Shadow Ball|p2b: Annihilape\n|-supereffective|p2b: Annihilape\n|-damage|p2b: Annihilape|46\/100\n|-enditem|p2b: Annihilape|Sitrus Berry|[eat]\n|-heal|p2b: Annihilape|71\/100|[from] item: Sitrus Berry\n|move|p2a: Maushold|Beat Up|p2b: Annihilape\n|-damage|p2b: Annihilape|69\/100\n|-damage|p2b: Annihilape|67\/100\n|-damage|p2b: Annihilape|65\/100\n|-damage|p2b: Annihilape|63\/100\n|-hitcount|p2b: Annihilape|4\n|move|p2b: Annihilape|Rage Fist|p1a: Dragonite\n|-damage|p1a: Dragonite|41\/100\n|move|p1a: Dragonite|Scale Shot|p2a: Maushold\n|-damage|p2a: Maushold|82\/100\n|-damage|p2a: Maushold|63\/100\n|-damage|p2a: Maushold|44\/100\n|-damage|p2a: Maushold|24\/100\n|-hitcount|p2a: Maushold|4\n|-unboost|p1a: Dragonite|def|1\n|-boost|p1a: Dragonite|spe|1\n|\n|upkeep\n|turn|2\n|inactive|OUFR snakeburger has 30 seconds left.\n|inactive|chiitancrazymascot has 30 seconds left.\n|inactive|OUFR snakeburger has 20 seconds left.\n|inactive|OUFR snakeburger has 15 seconds left.\n|\n|t:|1733618381\n|switch|p1b: Pelipper|Pelipper, L50, M|100\/100\n|-weather|RainDance|[from] ability: Drizzle|[of] p1b: Pelipper\n|move|p2a: Maushold|Protect|p2a: Maushold\n|-singleturn|p2a: Maushold|Protect\n|move|p1a: Dragonite|Protect|p1a: Dragonite\n|-singleturn|p1a: Dragonite|Protect\n|move|p2b: Annihilape|Rage Fist|p1b: Pelipper\n|-enditem|p1b: Pelipper|Focus Sash\n|-damage|p1b: Pelipper|1\/100\n|\n|-weather|RainDance|[upkeep]\n|upkeep\n|turn|3\n|\n|t:|1733618401\n|move|p2a: Maushold|Taunt|p1a: Dragonite\n|-start|p1a: Dragonite|move: Taunt\n|cant|p1a: Dragonite|move: Taunt|Tailwind\n|move|p1b: Pelipper|Muddy Water|p2a: Maushold|[spread] p2a,p2b\n|-damage|p2a: Maushold|0 fnt\n|-damage|p2b: Annihilape|38\/100\n|faint|p2a: Maushold\n|move|p2b: Annihilape|Rage Fist|p1b: Pelipper\n|-damage|p1b: Pelipper|0 fnt\n|faint|p1b: Pelipper\n|\n|-weather|RainDance|[upkeep]\n|upkeep\n|\n|t:|1733618410\n|switch|p2a: Dondozo|Dondozo, L50, F, shiny|100\/100\n|switch|p1b: Gholdengo|Gholdengo, L50|100\/100\n|turn|4\n|\n|t:|1733618425\n|switch|p2b: Tatsugiri|Tatsugiri, L50, F, shiny|100\/100\n|-activate|p2b: Tatsugiri|ability: Commander|[of] p2a: Dondozo\n|-boost|p2a: Dondozo|atk|2\n|-boost|p2a: Dondozo|spa|2\n|-boost|p2a: Dondozo|spe|2\n|-boost|p2a: Dondozo|def|2\n|-boost|p2a: Dondozo|spd|2\n|move|p1b: Gholdengo|Shadow Ball|p2b: Tatsugiri|[miss]\n|-miss|p1b: Gholdengo|p2b: Tatsugiri\n|move|p2a: Dondozo|Order Up|p1a: Dragonite\n|-supereffective|p1a: Dragonite\n|-damage|p1a: Dragonite|0 fnt\n|faint|p1a: Dragonite\n|-boost|p2a: Dondozo|atk|1\n|\n|-weather|RainDance|[upkeep]\n|upkeep\n|\n|t:|1733618430\n|switch|p1a: Archaludon|Archaludon, L50, M|100\/100\n|turn|5\n|c|\u2606OUFR snakeburger|gg wp\n|-message|OUFR snakeburger forfeited.\n|\n|win|chiitancrazymascot\n|raw|OUFR snakeburger's rating: 1711 &rarr; <strong>1698<\/strong><br \/>(-13 for losing)\n|raw|chiitancrazymascot's rating: 1832 &rarr; <strong>1845<\/strong><br \/>(+13 for winning)\n|l|\u2606OUFR snakeburger\n|player|p1|\n","uploadtime":1733618468,"views":4,"formatid":"gen9vgc2024regh","rating":1698,"private":0,"password":null}