{"id":"gen9vgc2024regh-2258777528","format":"[Gen 9] VGC 2024 Reg H","players":["chiitancrazymascot","Dux-El52"],"log":"|j|\u2606chiitancrazymascot\n|j|\u2606Dux-El52\n|t:|1733615411\n|gametype|doubles\n|player|p1|chiitancrazymascot|pokemaniac|1867\n|player|p2|Dux-El52|265|1740\n|teamsize|p1|6\n|teamsize|p2|6\n|gen|9\n|tier|[Gen 9] VGC 2024 Reg H\n|rated|\n|rule|Species Clause: Limit one of each Pok\u00e9mon\n|rule|Item Clause: Limit 1 of each item\n|clearpoke\n|poke|p1|Annihilape, L50, F|\n|poke|p1|Dondozo, L50, F|\n|poke|p1|Maushold-Four, L50|\n|poke|p1|Gholdengo, L50|\n|poke|p1|Whimsicott, L50, M|\n|poke|p1|Tatsugiri, L50, M|\n|poke|p2|Ursaluna-Bloodmoon, L50, M|\n|poke|p2|Farigiraf, L50, M|\n|poke|p2|Pelipper, L50, F|\n|poke|p2|Archaludon, L50, F|\n|poke|p2|Gholdengo, L50|\n|poke|p2|Sneasler, L50, F|\n|teampreview|4\n|inactive|Battle timer is ON: inactive players will automatically lose when time's up. (requested by chiitancrazymascot)\n|\n|t:|1733615441\n|start\n|switch|p1a: Maushold|Maushold-Four, L50|100\/100\n|switch|p1b: Annihilape|Annihilape, L50, F, shiny|100\/100\n|switch|p2a: Sneasler|Sneasler, L50, F, shiny|100\/100\n|switch|p2b: Gholdengo|Gholdengo, L50, shiny|100\/100\n|turn|1\n|\n|t:|1733615454\n|move|p2a: Sneasler|Close Combat|p1a: Maushold\n|-supereffective|p1a: Maushold\n|-enditem|p1a: Maushold|Focus Sash\n|-damage|p1a: Maushold|1\/100\n|-unboost|p2a: Sneasler|def|1\n|-unboost|p2a: Sneasler|spd|1\n|move|p1a: Maushold|Beat Up|p1b: Annihilape\n|-damage|p1b: Annihilape|99\/100\n|-damage|p1b: Annihilape|97\/100\n|-damage|p1b: Annihilape|94\/100\n|-damage|p1b: Annihilape|93\/100\n|-hitcount|p1b: Annihilape|4\n|move|p2b: Gholdengo|Shadow Ball|p1b: Annihilape\n|-supereffective|p1b: Annihilape\n|-damage|p1b: Annihilape|46\/100\n|-enditem|p1b: Annihilape|Sitrus Berry|[eat]\n|-heal|p1b: Annihilape|71\/100|[from] item: Sitrus Berry\n|move|p1b: Annihilape|Rage Fist|p2b: Gholdengo\n|-supereffective|p2b: Gholdengo\n|-damage|p2b: Gholdengo|0 fnt\n|faint|p2b: Gholdengo\n|\n|upkeep\n|\n|t:|1733615475\n|switch|p2b: Farigiraf|Farigiraf, L50, M, shiny|100\/100\n|turn|2\n|\n|t:|1733615489\n|move|p2a: Sneasler|Throat Chop|p1a: Maushold\n|-damage|p1a: Maushold|0 fnt\n|faint|p1a: Maushold\n|move|p1b: Annihilape|Drain Punch|p2a: Sneasler\n|-resisted|p2a: Sneasler\n|-damage|p2a: Sneasler|54\/100\n|-heal|p1b: Annihilape|88\/100|[from] drain|[of] p2a: Sneasler\n|move|p2b: Farigiraf|Trick Room|p2b: Farigiraf\n|-fieldstart|move: Trick Room|[of] p2b: Farigiraf\n|\n|upkeep\n|\n|t:|1733615494\n|switch|p1a: Dondozo|Dondozo, L50, F, shiny|100\/100\n|turn|3\n|\n|t:|1733615519\n|-terastallize|p1b: Annihilape|Fire\n|move|p2b: Farigiraf|Psychic Noise|p1b: Annihilape\n|-damage|p1b: Annihilape|67\/100\n|-start|p1b: Annihilape|move: Heal Block\n|move|p1a: Dondozo|Wave Crash|p2a: Sneasler\n|-damage|p2a: Sneasler|0 fnt\n|faint|p2a: Sneasler\n|-damage|p1a: Dondozo|88\/100|[from] Recoil\n|cant|p1b: Annihilape|move: Heal Block|Drain Punch\n|\n|-heal|p1a: Dondozo|94\/100|[from] item: Leftovers\n|upkeep\n|\n|t:|1733615532\n|switch|p2a: Ursaluna|Ursaluna-Bloodmoon, L50, M|100\/100\n|turn|4\n|\n|t:|1733615546\n|-terastallize|p2a: Ursaluna|Normal\n|move|p1a: Dondozo|Protect|p1a: Dondozo\n|-singleturn|p1a: Dondozo|Protect\n|move|p1b: Annihilape|Protect|p1b: Annihilape\n|-singleturn|p1b: Annihilape|Protect\n|move|p2b: Farigiraf|Psychic Noise|p1a: Dondozo\n|-activate|p1a: Dondozo|move: Protect\n|move|p2a: Ursaluna|Blood Moon|p1a: Dondozo\n|-activate|p1a: Dondozo|move: Protect\n|\n|-heal|p1a: Dondozo|100\/100|[from] item: Leftovers\n|-end|p1b: Annihilape|move: Heal Block\n|upkeep\n|turn|5\n|\n|t:|1733615561\n|switch|p1b: Tatsugiri|Tatsugiri, L50, M, shiny|100\/100\n|-activate|p1b: Tatsugiri|ability: Commander|[of] p1a: Dondozo\n|-boost|p1a: Dondozo|atk|2\n|-boost|p1a: Dondozo|spa|2\n|-boost|p1a: Dondozo|spe|2\n|-boost|p1a: Dondozo|def|2\n|-boost|p1a: Dondozo|spd|2\n|move|p2b: Farigiraf|Psychic Noise|p1a: Dondozo\n|-damage|p1a: Dondozo|84\/100\n|-start|p1a: Dondozo|move: Heal Block\n|move|p2a: Ursaluna|Earth Power|p1b: Tatsugiri|[miss]\n|-miss|p2a: Ursaluna|p1b: Tatsugiri\n|move|p1a: Dondozo|Order Up|p2b: Farigiraf\n|-damage|p2b: Farigiraf|56\/100\n|-boost|p1a: Dondozo|atk|1\n|\n|upkeep\n|turn|6\n|\n|t:|1733615576\n|move|p1a: Dondozo|Protect|p1a: Dondozo\n|-singleturn|p1a: Dondozo|Protect\n|move|p2b: Farigiraf|Psychic Noise|p1a: Dondozo\n|-activate|p1a: Dondozo|move: Protect\n|move|p2a: Ursaluna|Hyper Voice|p1b: Tatsugiri|[spread] \n|-miss|p2a: Ursaluna|p1b: Tatsugiri\n|-activate|p1a: Dondozo|move: Protect\n|\n|-end|p1a: Dondozo|move: Heal Block\n|-fieldend|move: Trick Room\n|upkeep\n|turn|7\n|\n|t:|1733615584\n|move|p1a: Dondozo|Wave Crash|p2b: Farigiraf\n|-damage|p2b: Farigiraf|0 fnt\n|faint|p2b: Farigiraf\n|-damage|p1a: Dondozo|66\/100|[from] Recoil\n|move|p2a: Ursaluna|Blood Moon|p1a: Dondozo\n|-damage|p1a: Dondozo|0 fnt\n|faint|p1a: Dondozo\n|-damage|p2a: Ursaluna|91\/100|[from] item: Life Orb\n|\n|upkeep\n|\n|t:|1733615587\n|switch|p1a: Annihilape|Annihilape, L50, F, shiny, tera:Fire|67\/100\n|turn|8\n|-message|Dux-El52 forfeited.\n|\n|win|chiitancrazymascot\n|raw|chiitancrazymascot's rating: 1867 &rarr; <strong>1880<\/strong><br \/>(+13 for winning)\n|raw|Dux-El52's rating: 1740 &rarr; <strong>1727<\/strong><br \/>(-13 for losing)\n|l|\u2606Dux-El52\n|player|p2|\n|l|\u2606chiitancrazymascot\n|player|p1|\n","uploadtime":1733615598,"views":21,"formatid":"gen9vgc2024regh","rating":1727,"private":0,"password":null}