{"id":"gen9vgc2024regh-2258371006","format":"[Gen 9] VGC 2024 Reg H","players":["dominicex2","Yunobo7"],"log":"|j|\u2606dominicex2\n|j|\u2606Yunobo7\n|t:|1733553408\n|gametype|doubles\n|player|p1|dominicex2|pokemonranger-gen4|1718\n|player|p2|Yunobo7|nancy|1662\n|teamsize|p1|6\n|teamsize|p2|6\n|gen|9\n|tier|[Gen 9] VGC 2024 Reg H\n|rated|\n|rule|Species Clause: Limit one of each Pok\u00e9mon\n|rule|Item Clause: Limit 1 of each item\n|clearpoke\n|poke|p1|Sneasler, L50, F|\n|poke|p1|Dragonite, L50, M|\n|poke|p1|Incineroar, L50, F|\n|poke|p1|Porygon2, L50|\n|poke|p1|Amoonguss, L50, F|\n|poke|p1|Gholdengo, L50|\n|poke|p2|Sneasler, L50, M|\n|poke|p2|Dondozo, L50, F|\n|poke|p2|Glimmora, L50, F|\n|poke|p2|Maushold-Four, L50|\n|poke|p2|Incineroar, L50, F|\n|poke|p2|Gholdengo, L50|\n|teampreview|4\n|inactive|Battle timer is ON: inactive players will automatically lose when time's up. (requested by Yunobo7)\n|inactive|Yunobo7 has 60 seconds left.\n|\n|t:|1733553443\n|start\n|switch|p1a: Dragonite|Dragonite, L50, M|100\/100\n|switch|p1b: Incineroar|Incineroar, L50, F|100\/100\n|switch|p2a: Glimmora|Glimmora, L50, F, shiny|100\/100\n|switch|p2b: Incineroar|Incineroar, L50, F, shiny|100\/100\n|-ability|p1b: Incineroar|Intimidate|boost\n|-unboost|p2a: Glimmora|atk|1\n|-unboost|p2b: Incineroar|atk|1\n|-ability|p2b: Incineroar|Intimidate|boost\n|-unboost|p1a: Dragonite|atk|1\n|-unboost|p1b: Incineroar|atk|1\n|turn|1\n|inactive|dominicex2 has 30 seconds left.\n|\n|t:|1733553478\n|-terastallize|p1b: Incineroar|Ghost\n|move|p1b: Incineroar|Fake Out|p2b: Incineroar\n|-damage|p2b: Incineroar|94\/100\n|move|p2a: Glimmora|Meteor Beam||[still]\n|-prepare|p2a: Glimmora|Meteor Beam\n|-boost|p2a: Glimmora|spa|1\n|-enditem|p2a: Glimmora|Power Herb\n|-anim|p2a: Glimmora|Meteor Beam|p1b: Incineroar\n|-damage|p1b: Incineroar|5\/100\n|move|p1a: Dragonite|Scale Shot|p2a: Glimmora\n|-damage|p2a: Glimmora|87\/100\n|-activate|p2a: Glimmora|ability: Toxic Debris\n|-sidestart|p1: dominicex2|move: Toxic Spikes\n|-damage|p2a: Glimmora|75\/100\n|-activate|p2a: Glimmora|ability: Toxic Debris\n|-sidestart|p1: dominicex2|move: Toxic Spikes\n|-damage|p2a: Glimmora|62\/100\n|-damage|p2a: Glimmora|50\/100\n|-damage|p2a: Glimmora|39\/100\n|-hitcount|p2a: Glimmora|5\n|-unboost|p1a: Dragonite|def|1\n|-boost|p1a: Dragonite|spe|1\n|cant|p2b: Incineroar|flinch\n|\n|upkeep\n|turn|2\n|\n|t:|1733553502\n|move|p1a: Dragonite|Protect|p1a: Dragonite\n|-singleturn|p1a: Dragonite|Protect\n|move|p2a: Glimmora|Spiky Shield|p2a: Glimmora\n|-singleturn|p2a: Glimmora|move: Protect\n|move|p1b: Incineroar|Parting Shot|p2b: Incineroar\n|-unboost|p2b: Incineroar|atk|1\n|-unboost|p2b: Incineroar|spa|1\n|\n|t:|1733553510\n|switch|p1b: Sneasler|Sneasler, L50, F|100\/100|[from] Parting Shot\n|-sideend|p1: dominicex2|move: Toxic Spikes|[of] p1b: Sneasler\n|move|p2b: Incineroar|Knock Off|p1a: Dragonite\n|-activate|p1a: Dragonite|move: Protect\n|\n|upkeep\n|turn|3\n|\n|t:|1733553527\n|switch|p1b: Incineroar|Incineroar, L50, F, tera:Ghost|5\/100\n|-ability|p1b: Incineroar|Intimidate|boost\n|-unboost|p2a: Glimmora|atk|1\n|-unboost|p2b: Incineroar|atk|1\n|switch|p2a: Gholdengo|Gholdengo, L50, shiny|100\/100\n|-terastallize|p2b: Incineroar|Ghost\n|move|p1a: Dragonite|Scale Shot|p2a: Gholdengo\n|-resisted|p2a: Gholdengo\n|-damage|p2a: Gholdengo|95\/100\n|-resisted|p2a: Gholdengo\n|-damage|p2a: Gholdengo|90\/100\n|-resisted|p2a: Gholdengo\n|-damage|p2a: Gholdengo|84\/100\n|-resisted|p2a: Gholdengo\n|-damage|p2a: Gholdengo|79\/100\n|-resisted|p2a: Gholdengo\n|-damage|p2a: Gholdengo|74\/100\n|-hitcount|p2a: Gholdengo|5\n|-unboost|p1a: Dragonite|def|1\n|-boost|p1a: Dragonite|spe|1\n|move|p2b: Incineroar|Knock Off|p1a: Dragonite\n|-damage|p1a: Dragonite|82\/100\n|-enditem|p1a: Dragonite|Loaded Dice|[from] move: Knock Off|[of] p2b: Incineroar\n|\n|upkeep\n|turn|4\n|inactive|dominicex2 has 30 seconds left.\n|\n|t:|1733553560\n|switch|p2b: Glimmora|Glimmora, L50, F, shiny|39\/100\n|move|p1a: Dragonite|Stomping Tantrum|p2a: Gholdengo\n|-supereffective|p2a: Gholdengo\n|-damage|p2a: Gholdengo|28\/100\n|move|p2a: Gholdengo|Make It Rain|p1b: Incineroar|[spread] p1a,p1b\n|-damage|p1a: Dragonite|26\/100\n|-damage|p1b: Incineroar|0 fnt\n|-unboost|p2a: Gholdengo|spa|1\n|faint|p1b: Incineroar\n|\n|upkeep\n|\n|t:|1733553579\n|switch|p1b: Gholdengo|Gholdengo, L50|100\/100\n|turn|5\n|\n|t:|1733553590\n|switch|p2a: Incineroar|Incineroar, L50, F, shiny, tera:Ghost|94\/100\n|-ability|p2a: Incineroar|Intimidate|boost\n|-unboost|p1a: Dragonite|atk|1\n|-unboost|p1b: Gholdengo|atk|1\n|move|p1a: Dragonite|Protect|p1a: Dragonite\n|-singleturn|p1a: Dragonite|Protect\n|move|p2b: Glimmora|Earth Power|p1b: Gholdengo\n|-supereffective|p1b: Gholdengo\n|-damage|p1b: Gholdengo|27\/100\n|move|p1b: Gholdengo|Make It Rain|p2b: Glimmora|[spread] p2a,p2b\n|-supereffective|p2b: Glimmora\n|-damage|p2a: Incineroar|60\/100\n|-damage|p2b: Glimmora|0 fnt\n|-unboost|p1b: Gholdengo|spa|1\n|faint|p2b: Glimmora\n|\n|upkeep\n|\n|t:|1733553595\n|switch|p2b: Gholdengo|Gholdengo, L50, shiny|28\/100\n|turn|6\n|inactive|dominicex2 has 30 seconds left.\n|inactive|Yunobo7 has 30 seconds left.\n|\n|t:|1733553628\n|switch|p2a: Sneasler|Sneasler, L50, M, shiny|100\/100\n|move|p1a: Dragonite|Protect||[still]\n|-fail|p1a: Dragonite\n|move|p1b: Gholdengo|Protect|p1b: Gholdengo\n|-singleturn|p1b: Gholdengo|Protect\n|move|p2b: Gholdengo|Shadow Ball|p1b: Gholdengo\n|-activate|p1b: Gholdengo|move: Protect\n|\n|upkeep\n|turn|7\n|\n|t:|1733553652\n|switch|p2b: Incineroar|Incineroar, L50, F, shiny, tera:Ghost|60\/100\n|-ability|p2b: Incineroar|Intimidate|boost\n|-unboost|p1a: Dragonite|atk|1\n|-unboost|p1b: Gholdengo|atk|1\n|switch|p1b: Sneasler|Sneasler, L50, F|100\/100\n|move|p1a: Dragonite|Stomping Tantrum|p2b: Incineroar\n|-damage|p2b: Incineroar|43\/100\n|move|p2a: Sneasler|Throat Chop|p1b: Sneasler\n|-resisted|p1b: Sneasler\n|-damage|p1b: Sneasler|75\/100\n|-start|p1b: Sneasler|Throat Chop|[silent]\n|\n|upkeep\n|turn|8\n|inactive|dominicex2 has 30 seconds left.\n|\n|t:|1733553682\n|move|p1a: Dragonite|Protect|p1a: Dragonite\n|-singleturn|p1a: Dragonite|Protect\n|move|p1b: Sneasler|Protect|p1b: Sneasler\n|-singleturn|p1b: Sneasler|Protect\n|move|p2b: Incineroar|Fake Out|p1b: Sneasler\n|-activate|p1b: Sneasler|move: Protect\n|move|p2a: Sneasler|Dire Claw|p1a: Dragonite\n|-activate|p1a: Dragonite|move: Protect\n|\n|-end|p1b: Sneasler|Throat Chop|[silent]\n|upkeep\n|turn|9\n|inactive|dominicex2 has 30 seconds left.\n|\n|t:|1733553719\n|move|p1a: Dragonite|Stomping Tantrum|p2a: Sneasler\n|-supereffective|p2a: Sneasler\n|-damage|p2a: Sneasler|61\/100\n|move|p2a: Sneasler|Dire Claw|p1a: Dragonite\n|-damage|p1a: Dragonite|0 fnt\n|faint|p1a: Dragonite\n|move|p1b: Sneasler|Close Combat|p2a: Sneasler\n|-resisted|p2a: Sneasler\n|-damage|p2a: Sneasler|7\/100\n|-unboost|p1b: Sneasler|def|1\n|-unboost|p1b: Sneasler|spd|1\n|move|p2b: Incineroar|Flare Blitz|p1b: Sneasler\n|-crit|p1b: Sneasler\n|-damage|p1b: Sneasler|0 fnt\n|faint|p1b: Sneasler\n|-damage|p2b: Incineroar|24\/100|[from] Recoil\n|\n|upkeep\n|\n|t:|1733553736\n|switch|p1b: Gholdengo|Gholdengo, L50|27\/100\n|turn|10\n|\n|t:|1733553741\n|move|p2a: Sneasler|Throat Chop|p1b: Gholdengo\n|-supereffective|p1b: Gholdengo\n|-damage|p1b: Gholdengo|0 fnt\n|faint|p1b: Gholdengo\n|\n|win|Yunobo7\n|raw|dominicex2's rating: 1718 &rarr; <strong>1695<\/strong><br \/>(-23 for losing)\n|raw|Yunobo7's rating: 1662 &rarr; <strong>1685<\/strong><br \/>(+23 for winning)\n|l|\u2606dominicex2\n|player|p1|\n|l|\u2606Yunobo7\n|player|p2|\n","uploadtime":1733553995,"views":14,"formatid":"gen9vgc2024regh","rating":1685,"private":0,"password":null}