{"id":"gen9vgc2024regh-2258257409","format":"[Gen 9] VGC 2024 Reg H","players":["chiitancrazymascot","Azure-Saffron"],"log":"|j|\u2606chiitancrazymascot\n|j|\u2606Azure-Saffron\n|t:|1733534947\n|gametype|doubles\n|player|p1|chiitancrazymascot|pokemaniac|1827\n|player|p2|Azure-Saffron|sabrina-masters|1772\n|teamsize|p1|6\n|teamsize|p2|6\n|gen|9\n|tier|[Gen 9] VGC 2024 Reg H\n|rated|\n|rule|Species Clause: Limit one of each Pok\u00e9mon\n|rule|Item Clause: Limit 1 of each item\n|clearpoke\n|poke|p1|Annihilape, L50, F|\n|poke|p1|Dondozo, L50, M|\n|poke|p1|Maushold-Four, L50|\n|poke|p1|Gholdengo, L50|\n|poke|p1|Whimsicott, L50, M|\n|poke|p1|Tatsugiri, L50, F|\n|poke|p2|Dragonite, L50, M|\n|poke|p2|Delphox, L50, F|\n|poke|p2|Kingambit, L50, M|\n|poke|p2|Basculegion-F, L50, F|\n|poke|p2|Indeedee, L50, M|\n|poke|p2|Sneasler, L50, M|\n|teampreview|4\n|inactive|Battle timer is ON: inactive players will automatically lose when time's up. (requested by Azure-Saffron)\n|inactive|chiitancrazymascot also wants the timer to be on.\n|inactive|Azure-Saffron has 60 seconds left.\n|inactive|Azure-Saffron has 30 seconds left.\n|\n|t:|1733535008\n|start\n|switch|p1a: Maushold|Maushold-Four, L50|100\/100\n|switch|p1b: Annihilape|Annihilape, L50, F, shiny|100\/100\n|switch|p2a: Basculegion|Basculegion-F, L50, F|100\/100\n|switch|p2b: Dragonite|Dragonite, L50, M|100\/100\n|turn|1\n|inactive|chiitancrazymascot has 30 seconds left.\n|\n|t:|1733535034\n|move|p2a: Basculegion|Muddy Water|p1b: Annihilape|[spread] p1a\n|-miss|p2a: Basculegion|p1b: Annihilape\n|-damage|p1a: Maushold|45\/100\n|move|p1a: Maushold|Beat Up|p1b: Annihilape\n|-damage|p1b: Annihilape|99\/100\n|-damage|p1b: Annihilape|96\/100\n|-damage|p1b: Annihilape|94\/100\n|-damage|p1b: Annihilape|93\/100\n|-hitcount|p1b: Annihilape|4\n|move|p1b: Annihilape|Rage Fist|p2a: Basculegion\n|-supereffective|p2a: Basculegion\n|-damage|p2a: Basculegion|0 fnt\n|faint|p2a: Basculegion\n|move|p2b: Dragonite|Scale Shot|p1b: Annihilape\n|-damage|p1b: Annihilape|82\/100\n|-damage|p1b: Annihilape|71\/100\n|-damage|p1b: Annihilape|58\/100\n|-damage|p1b: Annihilape|47\/100\n|-enditem|p1b: Annihilape|Sitrus Berry|[eat]\n|-heal|p1b: Annihilape|72\/100|[from] item: Sitrus Berry\n|-hitcount|p1b: Annihilape|4\n|-unboost|p2b: Dragonite|def|1\n|-boost|p2b: Dragonite|spe|1\n|\n|upkeep\n|\n|t:|1733535051\n|switch|p2a: Indeedee|Indeedee, L50, M|100\/100\n|-fieldstart|move: Psychic Terrain|[from] ability: Psychic Surge|[of] p2a: Indeedee\n|turn|2\n|inactive|chiitancrazymascot has 30 seconds left.\n|\n|t:|1733535077\n|-terastallize|p2a: Indeedee|Psychic\n|move|p1b: Annihilape|Protect|p1b: Annihilape\n|-singleturn|p1b: Annihilape|Protect\n|move|p2b: Dragonite|Stomping Tantrum|p1a: Maushold\n|-damage|p1a: Maushold|5\/100\n|move|p1a: Maushold|Beat Up|p2a: Indeedee\n|-supereffective|p2a: Indeedee\n|-damage|p2a: Indeedee|90\/100\n|-supereffective|p2a: Indeedee\n|-damage|p2a: Indeedee|77\/100\n|-supereffective|p2a: Indeedee\n|-damage|p2a: Indeedee|67\/100\n|-supereffective|p2a: Indeedee\n|-damage|p2a: Indeedee|56\/100\n|-hitcount|p2a: Indeedee|4\n|move|p2a: Indeedee|Expanding Force|p1a: Maushold|[spread] p1a\n|-activate|p1b: Annihilape|move: Protect\n|-damage|p1a: Maushold|0 fnt\n|faint|p1a: Maushold\n|\n|upkeep\n|\n|t:|1733535081\n|switch|p1a: Whimsicott|Whimsicott, L50, M, shiny|100\/100\n|turn|3\n|\n|t:|1733535087\n|move|p1a: Whimsicott|Tailwind|p1a: Whimsicott\n|-sidestart|p1: chiitancrazymascot|move: Tailwind\n|move|p1b: Annihilape|Rage Fist|p2a: Indeedee\n|-supereffective|p2a: Indeedee\n|-damage|p2a: Indeedee|0 fnt\n|faint|p2a: Indeedee\n|move|p2b: Dragonite|Scale Shot|p1b: Annihilape\n|-crit|p1b: Annihilape\n|-damage|p1b: Annihilape|50\/100\n|-damage|p1b: Annihilape|34\/100\n|-damage|p1b: Annihilape|19\/100\n|-damage|p1b: Annihilape|5\/100\n|-hitcount|p1b: Annihilape|4\n|-unboost|p2b: Dragonite|def|1\n|-boost|p2b: Dragonite|spe|1\n|\n|upkeep\n|\n|t:|1733535092\n|switch|p2a: Sneasler|Sneasler, L50, M|100\/100\n|-enditem|p2a: Sneasler|Psychic Seed\n|-boost|p2a: Sneasler|spd|1|[from] item: Psychic Seed\n|turn|4\n|inactive|chiitancrazymascot has 30 seconds left.\n|\n|t:|1733535121\n|move|p2a: Sneasler|Gunk Shot|p1a: Whimsicott|[miss]\n|-miss|p2a: Sneasler|p1a: Whimsicott\n|move|p1a: Whimsicott|Moonblast|p2b: Dragonite\n|-supereffective|p2b: Dragonite\n|-damage|p2b: Dragonite|73\/100\n|move|p2b: Dragonite|Scale Shot|p1b: Annihilape\n|-damage|p1b: Annihilape|0 fnt\n|faint|p1b: Annihilape\n|-hitcount|p1: Annihilape|1\n|-unboost|p2b: Dragonite|def|1\n|-boost|p2b: Dragonite|spe|1\n|\n|upkeep\n|\n|t:|1733535133\n|switch|p1b: Gholdengo|Gholdengo, L50, shiny|100\/100\n|turn|5\n|\n|t:|1733535163\n|move|p2a: Sneasler|Protect|p2a: Sneasler\n|-singleturn|p2a: Sneasler|Protect\n|move|p2b: Dragonite|Protect|p2b: Dragonite\n|-singleturn|p2b: Dragonite|Protect\n|move|p1a: Whimsicott|Moonblast|p2b: Dragonite\n|-activate|p2b: Dragonite|move: Protect\n|move|p1b: Gholdengo|Make It Rain|p2b: Dragonite|[spread] \n|-activate|p2a: Sneasler|move: Protect\n|-activate|p2b: Dragonite|move: Protect\n|\n|upkeep\n|turn|6\n|\n|t:|1733535170\n|move|p2a: Sneasler|Gunk Shot|p1a: Whimsicott\n|-supereffective|p1a: Whimsicott\n|-damage|p1a: Whimsicott|0 fnt\n|faint|p1a: Whimsicott\n|move|p2b: Dragonite|Stomping Tantrum|p1b: Gholdengo\n|-supereffective|p1b: Gholdengo\n|-damage|p1b: Gholdengo|35\/100\n|move|p1b: Gholdengo|Make It Rain|p2b: Dragonite|[spread] p2a,p2b\n|-damage|p2a: Sneasler|32\/100\n|-damage|p2b: Dragonite|0 fnt\n|-unboost|p1b: Gholdengo|spa|1\n|faint|p2b: Dragonite\n|\n|-sideend|p1: chiitancrazymascot|move: Tailwind\n|-fieldend|move: Psychic Terrain\n|upkeep\n|turn|7\n|-message|Azure-Saffron forfeited.\n|\n|win|chiitancrazymascot\n|raw|chiitancrazymascot's rating: 1827 &rarr; <strong>1844<\/strong><br \/>(+17 for winning)\n|raw|Azure-Saffron's rating: 1772 &rarr; <strong>1755<\/strong><br \/>(-17 for losing)\n|l|\u2606Azure-Saffron\n|player|p2|\n","uploadtime":1733535198,"views":6,"formatid":"gen9vgc2024regh","rating":1755,"private":0,"password":null}