{"id":"gen9vgc2024regh-2258253174","format":"[Gen 9] VGC 2024 Reg H","players":["chiitancrazymascot","Azure-Saffron"],"log":"|j|\u2606chiitancrazymascot\n|j|\u2606Azure-Saffron\n|t:|1733534333\n|gametype|doubles\n|player|p1|chiitancrazymascot|pokemaniac|1890\n|player|p2|Azure-Saffron|sabrina-masters|1730\n|teamsize|p1|6\n|teamsize|p2|6\n|gen|9\n|tier|[Gen 9] VGC 2024 Reg H\n|rated|\n|rule|Species Clause: Limit one of each Pok\u00e9mon\n|rule|Item Clause: Limit 1 of each item\n|clearpoke\n|poke|p1|Annihilape, L50, F|\n|poke|p1|Dondozo, L50, F|\n|poke|p1|Maushold-Four, L50|\n|poke|p1|Gholdengo, L50|\n|poke|p1|Whimsicott, L50, M|\n|poke|p1|Tatsugiri, L50, M|\n|poke|p2|Dragonite, L50, M|\n|poke|p2|Delphox, L50, F|\n|poke|p2|Kingambit, L50, M|\n|poke|p2|Basculegion-F, L50, F|\n|poke|p2|Indeedee, L50, M|\n|poke|p2|Sneasler, L50, F|\n|teampreview|4\n|inactive|Battle timer is ON: inactive players will automatically lose when time's up. (requested by Azure-Saffron)\n|inactive|chiitancrazymascot also wants the timer to be on.\n|inactive|chiitancrazymascot has 60 seconds left.\n|inactive|Azure-Saffron has 60 seconds left.\n|\n|t:|1733534381\n|start\n|switch|p1a: Maushold|Maushold-Four, L50|100\/100\n|switch|p1b: Annihilape|Annihilape, L50, F, shiny|100\/100\n|switch|p2a: Sneasler|Sneasler, L50, F|100\/100\n|switch|p2b: Indeedee|Indeedee, L50, M|100\/100\n|-fieldstart|move: Psychic Terrain|[from] ability: Psychic Surge|[of] p2b: Indeedee\n|-enditem|p2a: Sneasler|Psychic Seed\n|-boost|p2a: Sneasler|spd|1|[from] item: Psychic Seed\n|turn|1\n|\n|t:|1733534401\n|-terastallize|p1b: Annihilape|Fire\n|move|p2a: Sneasler|Gunk Shot|p1a: Maushold\n|-crit|p1a: Maushold\n|-enditem|p1a: Maushold|Focus Sash\n|-damage|p1a: Maushold|1\/100\n|-status|p1a: Maushold|psn\n|move|p1a: Maushold|Beat Up|p1b: Annihilape\n|-damage|p1b: Annihilape|99\/100\n|-damage|p1b: Annihilape|96\/100\n|-damage|p1b: Annihilape|94\/100\n|-damage|p1b: Annihilape|92\/100\n|-hitcount|p1b: Annihilape|4\n|move|p2b: Indeedee|Expanding Force|p1a: Maushold|[spread] p1a,p1b\n|-crit|p1b: Annihilape\n|-damage|p1a: Maushold|0 fnt\n|-damage|p1b: Annihilape|43\/100\n|-enditem|p1b: Annihilape|Sitrus Berry|[eat]\n|-heal|p1b: Annihilape|68\/100|[from] item: Sitrus Berry\n|faint|p1a: Maushold\n|move|p1b: Annihilape|Rage Fist|p2a: Sneasler\n|-damage|p2a: Sneasler|0 fnt\n|faint|p2a: Sneasler\n|\n|upkeep\n|inactive|chiitancrazymascot has 30 seconds left.\n|\n|t:|1733534431\n|switch|p2a: Dragonite|Dragonite, L50, M|100\/100\n|switch|p1a: Dondozo|Dondozo, L50, F, shiny|100\/100\n|turn|2\n|\n|t:|1733534449\n|move|p2a: Dragonite|Protect|p2a: Dragonite\n|-singleturn|p2a: Dragonite|Protect\n|move|p1a: Dondozo|Protect|p1a: Dondozo\n|-singleturn|p1a: Dondozo|Protect\n|move|p1b: Annihilape|Rage Fist|p2a: Dragonite\n|-activate|p2a: Dragonite|move: Protect\n|move|p2b: Indeedee|Trick Room|p2b: Indeedee\n|-fieldstart|move: Trick Room|[of] p2b: Indeedee\n|\n|upkeep\n|turn|3\n|inactive|Azure-Saffron has 30 seconds left.\n|\n|t:|1733534481\n|-terastallize|p2b: Indeedee|Psychic\n|move|p1a: Dondozo|Order Up|p2a: Dragonite\n|-supereffective|p2a: Dragonite\n|-damage|p2a: Dragonite|74\/100\n|move|p1b: Annihilape|Rage Fist|p2a: Dragonite\n|-damage|p2a: Dragonite|0 fnt\n|faint|p2a: Dragonite\n|move|p2b: Indeedee|Expanding Force|p1b: Annihilape|[spread] p1a,p1b\n|-crit|p1a: Dondozo\n|-damage|p1a: Dondozo|0 fnt\n|-damage|p1b: Annihilape|11\/100\n|faint|p1a: Dondozo\n|\n|upkeep\n|\n|t:|1733534489\n|switch|p1a: Tatsugiri|Tatsugiri, L50, M, shiny|100\/100\n|switch|p2a: Basculegion|Basculegion-F, L50, F|100\/100\n|turn|4\n|\n|t:|1733534500\n|move|p1b: Annihilape|Rage Fist|p2a: Basculegion\n|-supereffective|p2a: Basculegion\n|-damage|p2a: Basculegion|0 fnt\n|faint|p2a: Basculegion\n|move|p2b: Indeedee|Expanding Force|p1b: Annihilape|[spread] p1a,p1b\n|-damage|p1a: Tatsugiri|16\/100\n|-damage|p1b: Annihilape|0 fnt\n|faint|p1b: Annihilape\n|move|p1a: Tatsugiri|Draco Meteor|p2b: Indeedee\n|-damage|p2b: Indeedee|17\/100\n|-unboost|p1a: Tatsugiri|spa|2\n|\n|upkeep\n|turn|5\n|\n|t:|1733534510\n|move|p2b: Indeedee|Tera Blast|p1a: Tatsugiri|[anim] Tera Blast Psychic\n|-damage|p1a: Tatsugiri|0 fnt\n|faint|p1a: Tatsugiri\n|\n|win|Azure-Saffron\n|raw|chiitancrazymascot's rating: 1890 &rarr; <strong>1861<\/strong><br \/>(-29 for losing)\n|raw|Azure-Saffron's rating: 1730 &rarr; <strong>1759<\/strong><br \/>(+29 for winning)\n|l|\u2606chiitancrazymascot\n|player|p1|\n|l|\u2606Azure-Saffron\n|player|p2|\n","uploadtime":1733534770,"views":15,"formatid":"gen9vgc2024regh","rating":1759,"private":0,"password":null}