{"id":"gen9vgc2024regh-2258715162","format":"[Gen 9] VGC 2024 Reg H","players":["Cage92","Johnmcclain45"],"log":"|j|\u2606Cage92\n|j|\u2606Johnmcclain45\n|t:|1733607505\n|gametype|doubles\n|player|p1|Cage92|erika|1696\n|player|p2|Johnmcclain45|emmet|1655\n|teamsize|p1|6\n|teamsize|p2|6\n|gen|9\n|tier|[Gen 9] VGC 2024 Reg H\n|rated|\n|rule|Species Clause: Limit one of each Pok\u00e9mon\n|rule|Item Clause: Limit 1 of each item\n|clearpoke\n|poke|p1|Annihilape, L50, F|\n|poke|p1|Dragonite, L50, F|\n|poke|p1|Ursaluna-Bloodmoon, L50, M|\n|poke|p1|Gholdengo, L50|\n|poke|p1|Ninetales-Alola, L50, M|\n|poke|p1|Magmar, L50, F|\n|poke|p2|Kingambit, L50, M|\n|poke|p2|Magmar, L50, M|\n|poke|p2|Ursaluna-Bloodmoon, L50, M|\n|poke|p2|Rillaboom, L50, M|\n|poke|p2|Pelipper, L50, M|\n|poke|p2|Farigiraf, L50, F|\n|teampreview|4\n|inactive|Battle timer is ON: inactive players will automatically lose when time's up. (requested by Johnmcclain45)\n|\n|t:|1733607560\n|start\n|switch|p1a: NUMB|Ursaluna-Bloodmoon, L50, M|100\/100\n|switch|p1b: Moonlight|Ninetales-Alola, L50, M|100\/100\n|switch|p2a: Hurricane|Rillaboom, L50, M|100\/100\n|switch|p2b: Spooky|Farigiraf, L50, F, shiny|100\/100\n|-weather|Snow|[from] ability: Snow Warning|[of] p1b: Moonlight\n|-fieldstart|move: Grassy Terrain|[from] ability: Grassy Surge|[of] p2a: Hurricane\n|-enditem|p2a: Hurricane|Grassy Seed\n|-boost|p2a: Hurricane|def|1|[from] item: Grassy Seed\n|turn|1\n|inactive|Johnmcclain45 has 30 seconds left.\n|inactive|Johnmcclain45 has 20 seconds left.\n|\n|t:|1733607596\n|-terastallize|p2a: Hurricane|Dark\n|move|p2a: Hurricane|Fake Out|p1a: NUMB\n|-damage|p1a: NUMB|90\/100\n|move|p1b: Moonlight|Aurora Veil|p1b: Moonlight\n|-sidestart|p1: Cage92|move: Aurora Veil\n|cant|p1a: NUMB|flinch\n|move|p2b: Spooky|Trick Room|p2b: Spooky\n|-fieldstart|move: Trick Room|[of] p2b: Spooky\n|\n|-weather|Snow|[upkeep]\n|-heal|p1a: NUMB|96\/100|[from] Grassy Terrain\n|upkeep\n|turn|2\n|inactive|Cage92 has 30 seconds left.\n|\n|t:|1733607621\n|move|p2b: Spooky|Twin Beam|p1a: NUMB\n|-damage|p1a: NUMB|88\/100\n|-damage|p1a: NUMB|81\/100\n|-hitcount|p1a: NUMB|2\n|move|p2a: Hurricane|Wood Hammer|p1a: NUMB\n|-supereffective|p1a: NUMB\n|-damage|p1a: NUMB|0 fnt\n|faint|p1a: NUMB\n|-damage|p2a: Hurricane|72\/100|[from] Recoil\n|move|p1b: Moonlight|Aurora Veil||[still]\n|-fail|p1b: Moonlight\n|\n|-weather|Snow|[upkeep]\n|-heal|p2a: Hurricane|78\/100|[from] Grassy Terrain\n|upkeep\n|\n|t:|1733607638\n|switch|p1a: SAD!|Annihilape, L50, F|100\/100\n|turn|3\n|\n|t:|1733607657\n|-terastallize|p1a: SAD!|Water\n|move|p2b: Spooky|Twin Beam|p1a: SAD!\n|-damage|p1a: SAD!|89\/100\n|-damage|p1a: SAD!|78\/100\n|-hitcount|p1a: SAD!|2\n|move|p2a: Hurricane|Wood Hammer|p1a: SAD!\n|-supereffective|p1a: SAD!\n|-damage|p1a: SAD!|0 fnt\n|faint|p1a: SAD!\n|-damage|p2a: Hurricane|49\/100|[from] Recoil\n|move|p1b: Moonlight|Blizzard|p2a: Hurricane|[spread] p2a,p2b\n|-damage|p2a: Hurricane|25\/100\n|-damage|p2b: Spooky|74\/100\n|\n|-weather|Snow|[upkeep]\n|-heal|p2b: Spooky|80\/100|[from] Grassy Terrain\n|-heal|p2a: Hurricane|30\/100|[from] Grassy Terrain\n|upkeep\n|\n|t:|1733607674\n|switch|p1a: $$$|Gholdengo, L50|100\/100\n|turn|4\n|\n|t:|1733607698\n|move|p2b: Spooky|Helping Hand|p2a: Hurricane\n|-singleturn|p2a: Hurricane|Helping Hand|[of] p2b: Spooky\n|move|p1a: $$$|Protect|p1a: $$$\n|-singleturn|p1a: $$$|Protect\n|move|p2a: Hurricane|Knock Off|p1a: $$$\n|-activate|p1a: $$$|move: Protect\n|move|p1b: Moonlight|Blizzard|p2a: Hurricane|[spread] p2a,p2b\n|-damage|p2a: Hurricane|6\/100\n|-damage|p2b: Spooky|54\/100\n|\n|-weather|Snow|[upkeep]\n|-heal|p2b: Spooky|60\/100|[from] Grassy Terrain\n|-heal|p2a: Hurricane|12\/100|[from] Grassy Terrain\n|upkeep\n|turn|5\n|\n|t:|1733607714\n|move|p2b: Spooky|Helping Hand|p2a: Hurricane\n|-singleturn|p2a: Hurricane|Helping Hand|[of] p2b: Spooky\n|move|p1a: $$$|Protect|p1a: $$$\n|-singleturn|p1a: $$$|Protect\n|move|p2a: Hurricane|Knock Off|p1a: $$$\n|-activate|p1a: $$$|move: Protect\n|move|p1b: Moonlight|Blizzard|p2b: Spooky|[spread] p2a,p2b\n|-damage|p2a: Hurricane|0 fnt\n|-damage|p2b: Spooky|35\/100\n|faint|p2a: Hurricane\n|\n|-weather|none\n|-heal|p2b: Spooky|41\/100|[from] Grassy Terrain\n|-fieldend|move: Trick Room\n|-fieldend|move: Grassy Terrain\n|upkeep\n|\n|t:|1733607721\n|switch|p2a: Bird|Pelipper, L50, M|100\/100\n|-weather|RainDance|[from] ability: Drizzle|[of] p2a: Bird\n|turn|6\n|\n|t:|1733607736\n|move|p2a: Bird|Wide Guard|p2a: Bird\n|-singleturn|p2a: Bird|Wide Guard\n|move|p1b: Moonlight|Icy Wind|p2a: Bird|[spread] \n|-activate|p2a: Bird|move: Wide Guard\n|-activate|p2b: Spooky|move: Wide Guard\n|move|p1a: $$$|Make It Rain|p2a: Bird|[spread] \n|-activate|p2a: Bird|move: Wide Guard\n|-activate|p2b: Spooky|move: Wide Guard\n|move|p2b: Spooky|Trick Room|p2b: Spooky\n|-fieldstart|move: Trick Room|[of] p2b: Spooky\n|\n|-weather|RainDance|[upkeep]\n|upkeep\n|turn|7\n|inactive|Johnmcclain45 has 30 seconds left.\n|\n|t:|1733607770\n|move|p2b: Spooky|Thunder|p1a: $$$\n|-damage|p1a: $$$|79\/100\n|move|p2a: Bird|Muddy Water|p1a: $$$|[spread] p1a,p1b\n|-damage|p1a: $$$|36\/100\n|-damage|p1b: Moonlight|56\/100\n|-damage|p2a: Bird|91\/100|[from] item: Life Orb\n|move|p1a: $$$|Make It Rain|p2b: Spooky|[spread] p2a,p2b\n|-resisted|p2a: Bird\n|-damage|p2a: Bird|50\/100\n|-damage|p2b: Spooky|0 fnt\n|-unboost|p1a: $$$|spa|1\n|faint|p2b: Spooky\n|move|p1b: Moonlight|Icy Wind|p2a: Bird\n|-damage|p2a: Bird|28\/100\n|-unboost|p2a: Bird|spe|1\n|\n|-weather|RainDance|[upkeep]\n|upkeep\n|\n|t:|1733607789\n|switch|p2b: Bear|Ursaluna-Bloodmoon, L50, M|100\/100\n|turn|8\n|\n|t:|1733607806\n|move|p2a: Bird|Hurricane|p1b: Moonlight\n|-damage|p1b: Moonlight|10\/100\n|-damage|p2a: Bird|19\/100|[from] item: Life Orb\n|move|p2b: Bear|Earth Power|p1a: $$$\n|-supereffective|p1a: $$$\n|-damage|p1a: $$$|0 fnt\n|faint|p1a: $$$\n|move|p1b: Moonlight|Blizzard|p2b: Bear|[spread] p2b\n|-miss|p1b: Moonlight|p2a: Bird\n|-supereffective|p2b: Bear\n|-damage|p2b: Bear|67\/100\n|\n|-weather|RainDance|[upkeep]\n|-sideend|p1: Cage92|move: Aurora Veil\n|upkeep\n|turn|9\n|-message|Cage92 forfeited.\n|\n|win|Johnmcclain45\n|raw|Cage92's rating: 1696 &rarr; <strong>1674<\/strong><br \/>(-22 for losing)\n|raw|Johnmcclain45's rating: 1655 &rarr; <strong>1677<\/strong><br \/>(+22 for winning)\n|l|\u2606Cage92\n|player|p1|\n|l|\u2606Johnmcclain45\n|player|p2|\n","uploadtime":1733607979,"views":7,"formatid":"gen9vgc2024regh","rating":1674,"private":0,"password":null}