{"id":"gen9vgc2024regh-2258773545","format":"[Gen 9] VGC 2024 Reg H","players":["Dux-El52","chiitancrazymascot"],"log":"|j|\u2606Dux-El52\n|j|\u2606chiitancrazymascot\n|t:|1733614889\n|gametype|doubles\n|player|p1|Dux-El52|265|1732\n|player|p2|chiitancrazymascot|pokemaniac|1844\n|teamsize|p1|6\n|teamsize|p2|6\n|gen|9\n|tier|[Gen 9] VGC 2024 Reg H\n|rated|\n|rule|Species Clause: Limit one of each Pok\u00e9mon\n|rule|Item Clause: Limit 1 of each item\n|clearpoke\n|poke|p1|Ursaluna-Bloodmoon, L50, M|\n|poke|p1|Farigiraf, L50, M|\n|poke|p1|Pelipper, L50, F|\n|poke|p1|Archaludon, L50, F|\n|poke|p1|Gholdengo, L50|\n|poke|p1|Sneasler, L50, M|\n|poke|p2|Annihilape, L50, F|\n|poke|p2|Dondozo, L50, M|\n|poke|p2|Maushold-Four, L50|\n|poke|p2|Gholdengo, L50|\n|poke|p2|Whimsicott, L50, F|\n|poke|p2|Tatsugiri, L50, F|\n|teampreview|4\n|inactive|Battle timer is ON: inactive players will automatically lose when time's up. (requested by chiitancrazymascot)\n|\n|t:|1733614910\n|start\n|switch|p1a: Sneasler|Sneasler, L50, M, shiny|100\/100\n|switch|p1b: Gholdengo|Gholdengo, L50, shiny|100\/100\n|switch|p2a: Maushold|Maushold-Four, L50|100\/100\n|switch|p2b: Annihilape|Annihilape, L50, F, shiny|100\/100\n|turn|1\n|inactive|Dux-El52 has 30 seconds left.\n|\n|t:|1733614937\n|move|p2a: Maushold|Protect|p2a: Maushold\n|-singleturn|p2a: Maushold|Protect\n|move|p1a: Sneasler|Close Combat|p2a: Maushold\n|-activate|p2a: Maushold|move: Protect\n|move|p1b: Gholdengo|Shadow Ball|p2b: Annihilape\n|-supereffective|p2b: Annihilape\n|-damage|p2b: Annihilape|53\/100\n|move|p2b: Annihilape|Bulk Up|p2b: Annihilape\n|-boost|p2b: Annihilape|atk|1\n|-boost|p2b: Annihilape|def|1\n|\n|upkeep\n|turn|2\n|inactive|Dux-El52 has 30 seconds left.\n|\n|t:|1733614964\n|move|p2a: Maushold|Follow Me|p2a: Maushold\n|-singleturn|p2a: Maushold|move: Follow Me\n|move|p1a: Sneasler|Throat Chop|p2a: Maushold\n|-damage|p2a: Maushold|64\/100\n|-start|p2a: Maushold|Throat Chop|[silent]\n|move|p1b: Gholdengo|Make It Rain|p2a: Maushold|[spread] p2a,p2b\n|-damage|p2a: Maushold|6\/100\n|-damage|p2b: Annihilape|27\/100\n|-unboost|p1b: Gholdengo|spa|1\n|-enditem|p2b: Annihilape|Sitrus Berry|[eat]\n|-heal|p2b: Annihilape|52\/100|[from] item: Sitrus Berry\n|move|p2b: Annihilape|Rage Fist|p1a: Sneasler\n|-enditem|p1a: Sneasler|Focus Sash\n|-damage|p1a: Sneasler|1\/100\n|\n|upkeep\n|turn|3\n|inactive|Dux-El52 has 30 seconds left.\n|\n|t:|1733614990\n|move|p1a: Sneasler|Throat Chop|p2b: Annihilape\n|-damage|p2b: Annihilape|39\/100\n|-start|p2b: Annihilape|Throat Chop|[silent]\n|move|p2a: Maushold|Beat Up|p1a: Sneasler\n|-resisted|p1a: Sneasler\n|-damage|p1a: Sneasler|0 fnt\n|faint|p1a: Sneasler\n|-hitcount|p1: Sneasler|1\n|move|p1b: Gholdengo|Make It Rain|p2b: Annihilape|[spread] p2a,p2b\n|-damage|p2a: Maushold|0 fnt\n|-damage|p2b: Annihilape|22\/100\n|-unboost|p1b: Gholdengo|spa|1\n|faint|p2a: Maushold\n|move|p2b: Annihilape|Rage Fist|p1b: Gholdengo\n|-supereffective|p1b: Gholdengo\n|-damage|p1b: Gholdengo|0 fnt\n|faint|p1b: Gholdengo\n|\n|upkeep\n|\n|t:|1733615001\n|switch|p1a: Pelipper|Pelipper, L50, F, shiny|100\/100\n|switch|p2a: Dondozo|Dondozo, L50, M, shiny|100\/100\n|switch|p1b: Archaludon|Archaludon, L50, F, shiny|100\/100\n|-weather|RainDance|[from] ability: Drizzle|[of] p1a: Pelipper\n|turn|4\n|\n|t:|1733615024\n|switch|p2b: Tatsugiri|Tatsugiri, L50, F, shiny|100\/100\n|-activate|p2b: Tatsugiri|ability: Commander|[of] p2a: Dondozo\n|-boost|p2a: Dondozo|atk|2\n|-boost|p2a: Dondozo|spa|2\n|-boost|p2a: Dondozo|spe|2\n|-boost|p2a: Dondozo|def|2\n|-boost|p2a: Dondozo|spd|2\n|move|p1a: Pelipper|Wide Guard|p1a: Pelipper\n|-singleturn|p1a: Pelipper|Wide Guard\n|move|p2a: Dondozo|Order Up|p1a: Pelipper\n|-damage|p1a: Pelipper|30\/100\n|-boost|p2a: Dondozo|atk|1\n|move|p1b: Archaludon|Electro Shot||[still]\n|-prepare|p1b: Archaludon|Electro Shot\n|-boost|p1b: Archaludon|spa|1\n|-anim|p1b: Archaludon|Electro Shot|p2b: Tatsugiri|[miss]\n|-miss|p1b: Archaludon|p2b: Tatsugiri\n|\n|-weather|RainDance|[upkeep]\n|upkeep\n|turn|5\n|\n|t:|1733615038\n|-terastallize|p2a: Dondozo|Grass\n|move|p2a: Dondozo|Order Up|p1a: Pelipper\n|-damage|p1a: Pelipper|0 fnt\n|faint|p1a: Pelipper\n|-boost|p2a: Dondozo|atk|1\n|move|p1b: Archaludon|Electro Shot||[still]\n|-prepare|p1b: Archaludon|Electro Shot\n|-boost|p1b: Archaludon|spa|1\n|-anim|p1b: Archaludon|Electro Shot|p2a: Dondozo\n|-resisted|p2a: Dondozo\n|-crit|p2a: Dondozo\n|-damage|p2a: Dondozo|67\/100\n|\n|-weather|RainDance|[upkeep]\n|-heal|p2a: Dondozo|73\/100|[from] item: Leftovers\n|upkeep\n|turn|6\n|j| K0nqueror\n|\n|t:|1733615053\n|move|p2a: Dondozo|Protect|p2a: Dondozo\n|-singleturn|p2a: Dondozo|Protect\n|move|p1b: Archaludon|Flash Cannon|p2a: Dondozo\n|-activate|p2a: Dondozo|move: Protect\n|\n|-weather|RainDance|[upkeep]\n|-heal|p2a: Dondozo|79\/100|[from] item: Leftovers\n|upkeep\n|turn|7\n|\n|t:|1733615062\n|move|p2a: Dondozo|Order Up|p1b: Archaludon\n|-damage|p1b: Archaludon|28\/100\n|-ability|p1b: Archaludon|Stamina|boost\n|-boost|p1b: Archaludon|def|1\n|-boost|p2a: Dondozo|atk|1\n|move|p1b: Archaludon|Draco Meteor|p2a: Dondozo|[miss]\n|-miss|p1b: Archaludon|p2a: Dondozo\n|\n|-weather|RainDance|[upkeep]\n|-heal|p2a: Dondozo|85\/100|[from] item: Leftovers\n|upkeep\n|turn|8\n|-message|Dux-El52 forfeited.\n|\n|win|chiitancrazymascot\n|raw|Dux-El52's rating: 1732 &rarr; <strong>1718<\/strong><br \/>(-14 for losing)\n|raw|chiitancrazymascot's rating: 1844 &rarr; <strong>1858<\/strong><br \/>(+14 for winning)\n|l|\u2606Dux-El52\n|player|p1|\n|l|\u2606chiitancrazymascot\n|player|p2|\n|l| K0nqueror\n","uploadtime":1733615074,"views":22,"formatid":"gen9vgc2024regh","rating":1718,"private":0,"password":null}