{"id":"gen9vgc2024regh-2258596231","format":"[Gen 9] VGC 2024 Reg H","players":["pys_max","pcord cypher"],"log":"|j|\u2606pys_max\n|j|\u2606pcord cypher\n|t:|1733592917\n|gametype|doubles\n|player|p1|pys_max|169|1659\n|player|p2|pcord cypher|1|1707\n|teamsize|p1|6\n|teamsize|p2|6\n|gen|9\n|tier|[Gen 9] VGC 2024 Reg H\n|rated|\n|rule|Species Clause: Limit one of each Pok\u00e9mon\n|rule|Item Clause: Limit 1 of each item\n|clearpoke\n|poke|p1|Milotic, L50, M|\n|poke|p1|Tyranitar, L50, F|\n|poke|p1|Talonflame, L50, M|\n|poke|p1|Garchomp, L50, F|\n|poke|p1|Amoonguss, L50, F|\n|poke|p1|Gholdengo, L50|\n|poke|p2|Pelipper, L50, F|\n|poke|p2|Electabuzz, L50, F|\n|poke|p2|Rillaboom, L50, F|\n|poke|p2|Gholdengo, L50|\n|poke|p2|Archaludon, L50, F|\n|poke|p2|Basculegion, L50, M|\n|teampreview|4\n|j| Golett Kombucha\n|l| Golett Kombucha\n|inactive|Battle timer is ON: inactive players will automatically lose when time's up. (requested by pys_max)\n|\n|t:|1733592981\n|start\n|switch|p1a: Milotic|Milotic, L50, M|100\/100\n|switch|p1b: Gholdengo|Gholdengo, L50|100\/100\n|switch|p2a: Pelipper|Pelipper, L50, F|100\/100\n|switch|p2b: Basculegion|Basculegion, L50, M|100\/100\n|-weather|RainDance|[from] ability: Drizzle|[of] p2a: Pelipper\n|turn|1\n|\n|t:|1733593000\n|switch|p2a: Rillaboom|Rillaboom, L50, F|100\/100\n|-fieldstart|move: Grassy Terrain|[from] ability: Grassy Surge|[of] p2a: Rillaboom\n|move|p1b: Gholdengo|Protect|p1b: Gholdengo\n|-singleturn|p1b: Gholdengo|Protect\n|move|p2b: Basculegion|Wave Crash|p1b: Gholdengo\n|-activate|p1b: Gholdengo|move: Protect\n|move|p1a: Milotic|Icy Wind|p2b: Basculegion|[spread] p2a,p2b\n|-supereffective|p2a: Rillaboom\n|-resisted|p2b: Basculegion\n|-damage|p2a: Rillaboom|72\/100\n|-damage|p2b: Basculegion|93\/100\n|-unboost|p2a: Rillaboom|spe|1\n|-unboost|p2b: Basculegion|spe|1\n|\n|-weather|RainDance|[upkeep]\n|-heal|p2b: Basculegion|99\/100|[from] Grassy Terrain\n|-heal|p2a: Rillaboom|78\/100|[from] Grassy Terrain\n|upkeep\n|turn|2\n|\n|t:|1733593025\n|switch|p2b: Archaludon|Archaludon, L50, F|100\/100\n|switch|p1a: Tyranitar|Tyranitar, L50, F|100\/100\n|-weather|Sandstorm|[from] ability: Sand Stream|[of] p1a: Tyranitar\n|move|p1b: Gholdengo|Shadow Ball|p2b: Archaludon\n|-damage|p2b: Archaludon|61\/100\n|-ability|p2b: Archaludon|Stamina|boost\n|-boost|p2b: Archaludon|def|1\n|move|p2a: Rillaboom|Bullet Seed|p2b: Archaludon\n|-resisted|p2b: Archaludon\n|-damage|p2b: Archaludon|59\/100\n|-ability|p2b: Archaludon|Stamina|boost\n|-boost|p2b: Archaludon|def|1\n|-resisted|p2b: Archaludon\n|-damage|p2b: Archaludon|57\/100\n|-ability|p2b: Archaludon|Stamina|boost\n|-boost|p2b: Archaludon|def|1\n|-resisted|p2b: Archaludon\n|-damage|p2b: Archaludon|56\/100\n|-ability|p2b: Archaludon|Stamina|boost\n|-boost|p2b: Archaludon|def|1\n|-resisted|p2b: Archaludon\n|-damage|p2b: Archaludon|55\/100\n|-ability|p2b: Archaludon|Stamina|boost\n|-boost|p2b: Archaludon|def|1\n|-resisted|p2b: Archaludon\n|-damage|p2b: Archaludon|54\/100\n|-ability|p2b: Archaludon|Stamina|boost\n|-boost|p2b: Archaludon|def|1\n|-hitcount|p2b: Archaludon|5\n|\n|-weather|Sandstorm|[upkeep]\n|-damage|p2a: Rillaboom|72\/100|[from] Sandstorm\n|-heal|p2b: Archaludon|60\/100|[from] Grassy Terrain\n|-heal|p2a: Rillaboom|78\/100|[from] Grassy Terrain\n|upkeep\n|turn|3\n|inactive|pys_max has 30 seconds left.\n|inactive|pys_max has 20 seconds left.\n|inactive|pys_max has 15 seconds left.\n|\n|t:|1733593066\n|switch|p1a: Milotic|Milotic, L50, M|100\/100\n|switch|p2a: Pelipper|Pelipper, L50, F|100\/100\n|-weather|RainDance|[from] ability: Drizzle|[of] p2a: Pelipper\n|move|p1b: Gholdengo|Nasty Plot|p1b: Gholdengo\n|-boost|p1b: Gholdengo|spa|2\n|move|p2b: Archaludon|Electro Shot||[still]\n|-prepare|p2b: Archaludon|Electro Shot\n|-boost|p2b: Archaludon|spa|1\n|-anim|p2b: Archaludon|Electro Shot|p1b: Gholdengo\n|-damage|p1b: Gholdengo|34\/100\n|\n|-weather|RainDance|[upkeep]\n|-heal|p1b: Gholdengo|40\/100|[from] Grassy Terrain\n|-heal|p2b: Archaludon|66\/100|[from] Grassy Terrain\n|upkeep\n|turn|4\n|inactive|pcord cypher has 30 seconds left.\n|inactive|pcord cypher has 20 seconds left.\n|inactive|pcord cypher has 15 seconds left.\n|inactive|pcord cypher has 10 seconds left.\n|inactive|pcord cypher has 5 seconds left.\n|\n|t:|1733593118\n|switch|p1a: Tyranitar|Tyranitar, L50, F|100\/100\n|-weather|Sandstorm|[from] ability: Sand Stream|[of] p1a: Tyranitar\n|move|p1b: Gholdengo|Shadow Ball|p2b: Archaludon\n|-damage|p2b: Archaludon|0 fnt\n|faint|p2b: Archaludon\n|move|p2a: Pelipper|Tailwind|p2a: Pelipper\n|-sidestart|p2: pcord cypher|move: Tailwind\n|\n|-weather|Sandstorm|[upkeep]\n|-damage|p2a: Pelipper|95\/100|[from] Sandstorm\n|-heal|p1b: Gholdengo|46\/100|[from] Grassy Terrain\n|upkeep\n|\n|t:|1733593124\n|switch|p2b: Basculegion|Basculegion, L50, M|99\/100\n|turn|5\n|inactive|pys_max has 30 seconds left.\n|inactive|pys_max has 20 seconds left.\n|l|\u2606pys_max\n|inactive|pys_max disconnected and has a minute to reconnect!\n|player|p1|\n|inactive|pys_max has 15 seconds left.\n|j|\u2606pys_max\n|inactive|pys_max reconnected and has 15 seconds left.\n|player|p1|pys_max|169|\n|inactive|pys_max has 10 seconds left.\n|\n|t:|1733593170\n|move|p2b: Basculegion|Wave Crash|p1a: Tyranitar\n|-supereffective|p1a: Tyranitar\n|-damage|p1a: Tyranitar|0 fnt\n|faint|p1a: Tyranitar\n|-damage|p2b: Basculegion|65\/100|[from] Recoil\n|move|p2a: Pelipper|Muddy Water|p1b: Gholdengo\n|-damage|p1b: Gholdengo|5\/100\n|-unboost|p1b: Gholdengo|accuracy|1\n|move|p1b: Gholdengo|Shadow Ball|p2b: Basculegion\n|-supereffective|p2b: Basculegion\n|-damage|p2b: Basculegion|0 fnt\n|faint|p2b: Basculegion\n|\n|-weather|Sandstorm|[upkeep]\n|-damage|p2a: Pelipper|89\/100|[from] Sandstorm\n|-heal|p1b: Gholdengo|11\/100|[from] Grassy Terrain\n|-fieldend|move: Grassy Terrain\n|upkeep\n|\n|t:|1733593195\n|switch|p2b: Rillaboom|Rillaboom, L50, F|78\/100\n|switch|p1a: Milotic|Milotic, L50, M|100\/100\n|-fieldstart|move: Grassy Terrain|[from] ability: Grassy Surge|[of] p2b: Rillaboom\n|turn|6\n|\n|t:|1733593204\n|move|p1b: Gholdengo|Protect|p1b: Gholdengo\n|-singleturn|p1b: Gholdengo|Protect\n|move|p1a: Milotic|Protect|p1a: Milotic\n|-singleturn|p1a: Milotic|Protect\n|move|p2b: Rillaboom|Bullet Seed|p1a: Milotic\n|-activate|p1a: Milotic|move: Protect\n|move|p2a: Pelipper|Muddy Water|p1b: Gholdengo|[spread] \n|-activate|p1a: Milotic|move: Protect\n|-activate|p1b: Gholdengo|move: Protect\n|\n|-weather|Sandstorm|[upkeep]\n|-damage|p2b: Rillaboom|72\/100|[from] Sandstorm\n|-damage|p2a: Pelipper|83\/100|[from] Sandstorm\n|-heal|p2b: Rillaboom|78\/100|[from] Grassy Terrain\n|-heal|p1b: Gholdengo|17\/100|[from] Grassy Terrain\n|upkeep\n|turn|7\n|\n|t:|1733593217\n|-terastallize|p1a: Milotic|Dragon\n|move|p2b: Rillaboom|High Horsepower|p1b: Gholdengo\n|-supereffective|p1b: Gholdengo\n|-damage|p1b: Gholdengo|0 fnt\n|faint|p1b: Gholdengo\n|move|p2a: Pelipper|Hurricane|p1a: Milotic|[miss]\n|-miss|p2a: Pelipper|p1a: Milotic\n|move|p1a: Milotic|Icy Wind|p2a: Pelipper|[spread] p2a,p2b\n|-supereffective|p2b: Rillaboom\n|-damage|p2a: Pelipper|61\/100\n|-damage|p2b: Rillaboom|47\/100\n|-unboost|p2a: Pelipper|spe|1\n|-unboost|p2b: Rillaboom|spe|1\n|\n|-weather|Sandstorm|[upkeep]\n|-damage|p2b: Rillaboom|41\/100|[from] Sandstorm\n|-damage|p2a: Pelipper|55\/100|[from] Sandstorm\n|-heal|p2b: Rillaboom|47\/100|[from] Grassy Terrain\n|-sideend|p2: pcord cypher|move: Tailwind\n|upkeep\n|\n|t:|1733593229\n|switch|p1b: Garchomp|Garchomp, L50, F|100\/100\n|turn|8\n|\n|t:|1733593240\n|-terastallize|p2b: Rillaboom|Ground\n|move|p1b: Garchomp|Dragon Claw|p2b: Rillaboom\n|-damage|p2b: Rillaboom|0 fnt\n|faint|p2b: Rillaboom\n|-damage|p1b: Garchomp|91\/100|[from] item: Life Orb\n|move|p1a: Milotic|Icy Wind|p2a: Pelipper\n|-damage|p2a: Pelipper|25\/100\n|-unboost|p2a: Pelipper|spe|1\n|move|p2a: Pelipper|Tailwind|p2a: Pelipper\n|-sidestart|p2: pcord cypher|move: Tailwind\n|\n|-weather|none\n|-heal|p1b: Garchomp|97\/100|[from] Grassy Terrain\n|upkeep\n|turn|9\n|-message|pcord cypher forfeited.\n|\n|win|pys_max\n|raw|pys_max's rating: 1659 &rarr; <strong>1682<\/strong><br \/>(+23 for winning)\n|raw|pcord cypher's rating: 1707 &rarr; <strong>1684<\/strong><br \/>(-23 for losing)\n|l|\u2606pcord cypher\n|player|p2|\n|l|\u2606pys_max\n|player|p1|\n","uploadtime":1733593468,"views":9,"formatid":"gen9vgc2024regh","rating":1682,"private":0,"password":null}