{"id":"gen9vgc2024regh-2258486285","format":"[Gen 9] VGC 2024 Reg H","players":["sitoalcorba","SeaWolfMikess"],"log":"|j|\u2606sitoalcorba\n|j|\u2606SeaWolfMikess\n|t:|1733577811\n|gametype|doubles\n|player|p1|sitoalcorba|265|1636\n|player|p2|SeaWolfMikess|hugh|1848\n|teamsize|p1|6\n|teamsize|p2|6\n|gen|9\n|tier|[Gen 9] VGC 2024 Reg H\n|rated|\n|rule|Species Clause: Limit one of each Pok\u00e9mon\n|rule|Item Clause: Limit 1 of each item\n|clearpoke\n|poke|p1|Weezing, L50, M|\n|poke|p1|Slaking, L50, M|\n|poke|p1|Pelipper, L50, M|\n|poke|p1|Archaludon, L50, F|\n|poke|p1|Tauros-Paldea-Aqua, L50, M|\n|poke|p1|Volcarona, L50, M|\n|poke|p2|Pelipper, L50, F|\n|poke|p2|Archaludon, L50, F|\n|poke|p2|Rillaboom, L50, F|\n|poke|p2|Sneasler, L50, M|\n|poke|p2|Incineroar, L50, F|\n|poke|p2|Gholdengo, L50|\n|teampreview|4\n|\n|t:|1733577840\n|start\n|switch|p1a: Weezing|Weezing, L50, M|100\/100\n|switch|p1b: Slaking|Slaking, L50, M|100\/100\n|switch|p2a: Archaludon|Archaludon, L50, F|100\/100\n|switch|p2b: Sneasler|Sneasler, L50, M|100\/100\n|-ability|p1a: Weezing|Neutralizing Gas\n|turn|1\n|\n|t:|1733577853\n|-terastallize|p1b: Slaking|Ghost\n|-terastallize|p2a: Archaludon|Electric\n|move|p2b: Sneasler|Protect|p2b: Sneasler\n|-singleturn|p2b: Sneasler|Protect\n|move|p1b: Slaking|High Horsepower|p2a: Archaludon\n|-supereffective|p2a: Archaludon\n|-damage|p2a: Archaludon|17\/100\n|-damage|p1b: Slaking|91\/100|[from] item: Life Orb\n|move|p2a: Archaludon|Electro Shot||[still]\n|-prepare|p2a: Archaludon|Electro Shot\n|-boost|p2a: Archaludon|spa|1\n|-enditem|p2a: Archaludon|Power Herb\n|-anim|p2a: Archaludon|Electro Shot|p1a: Weezing\n|-damage|p1a: Weezing|5\/100\n|-enditem|p1a: Weezing|Sitrus Berry|[eat]\n|-heal|p1a: Weezing|30\/100|[from] item: Sitrus Berry\n|move|p1a: Weezing|Will-O-Wisp|p2b: Sneasler\n|-activate|p2b: Sneasler|move: Protect\n|\n|upkeep\n|turn|2\n|j| byBatiCorn\n|\n|t:|1733577876\n|move|p1a: Weezing|Protect|p1a: Weezing\n|-singleturn|p1a: Weezing|Protect\n|move|p2b: Sneasler|Throat Chop|p1a: Weezing\n|-activate|p1a: Weezing|move: Protect\n|move|p1b: Slaking|High Horsepower|p2b: Sneasler\n|-supereffective|p2b: Sneasler\n|-damage|p2b: Sneasler|0 fnt\n|faint|p2b: Sneasler\n|-damage|p1b: Slaking|81\/100|[from] item: Life Orb\n|move|p2a: Archaludon|Dragon Pulse|p1b: Slaking\n|-damage|p1b: Slaking|3\/100\n|\n|upkeep\n|\n|t:|1733577880\n|switch|p2b: Pelipper|Pelipper, L50, F|100\/100\n|turn|3\n|\n|t:|1733577893\n|move|p2b: Pelipper|Muddy Water|p1b: Slaking|[spread] \n|-miss|p2b: Pelipper|p1a: Weezing\n|-miss|p2b: Pelipper|p1b: Slaking\n|move|p1b: Slaking|Double-Edge|p2b: Pelipper\n|-damage|p2b: Pelipper|0 fnt\n|faint|p2b: Pelipper\n|-damage|p1b: Slaking|0 fnt|[from] Recoil\n|faint|p1b: Slaking\n|move|p2a: Archaludon|Dragon Pulse|p1a: Weezing\n|-damage|p1a: Weezing|0 fnt\n|faint|p1a: Weezing\n|-end|p1a: Weezing|ability: Neutralizing Gas\n|\n|upkeep\n|\n|t:|1733577905\n|switch|p1b: Tauros|Tauros-Paldea-Aqua, L50, M|100\/100\n|switch|p2b: Rillaboom|Rillaboom, L50, F|100\/100\n|switch|p1a: Pelipper|Pelipper, L50, M|100\/100\n|-ability|p1b: Tauros|Intimidate|boost\n|-unboost|p2a: Archaludon|atk|1\n|-unboost|p2b: Rillaboom|atk|1\n|-fieldstart|move: Grassy Terrain|[from] ability: Grassy Surge|[of] p2b: Rillaboom\n|-weather|RainDance|[from] ability: Drizzle|[of] p1a: Pelipper\n|turn|4\n|\n|t:|1733577921\n|move|p1b: Tauros|Protect|p1b: Tauros\n|-singleturn|p1b: Tauros|Protect\n|move|p2b: Rillaboom|Fake Out|p1b: Tauros\n|-activate|p1b: Tauros|move: Protect\n|move|p2a: Archaludon|Electro Shot||[still]\n|-prepare|p2a: Archaludon|Electro Shot\n|-boost|p2a: Archaludon|spa|1\n|-enditem|p1b: Tauros|Mirror Herb\n|-boost|p1b: Tauros|spa|1|[from] item: Mirror Herb\n|-anim|p2a: Archaludon|Electro Shot|p1b: Tauros\n|-activate|p1b: Tauros|move: Protect\n|move|p1a: Pelipper|Hurricane|p2b: Rillaboom\n|-supereffective|p2b: Rillaboom\n|-damage|p2b: Rillaboom|33\/100\n|-start|p2b: Rillaboom|confusion\n|\n|-weather|RainDance|[upkeep]\n|-heal|p2a: Archaludon|23\/100|[from] Grassy Terrain\n|-heal|p2b: Rillaboom|39\/100|[from] Grassy Terrain\n|upkeep\n|turn|5\n|\n|t:|1733577932\n|move|p1b: Tauros|Aqua Jet|p2a: Archaludon\n|-damage|p2a: Archaludon|0 fnt\n|faint|p2a: Archaludon\n|-activate|p2b: Rillaboom|confusion\n|move|p2b: Rillaboom|Grassy Glide|p1b: Tauros\n|-supereffective|p1b: Tauros\n|-damage|p1b: Tauros|43\/100\n|move|p1a: Pelipper|Hurricane|p2b: Rillaboom\n|-supereffective|p2b: Rillaboom\n|-damage|p2b: Rillaboom|0 fnt\n|faint|p2b: Rillaboom\n|\n|win|sitoalcorba\n|raw|sitoalcorba's rating: 1636 &rarr; <strong>1667<\/strong><br \/>(+31 for winning)\n|raw|SeaWolfMikess's rating: 1848 &rarr; <strong>1817<\/strong><br \/>(-31 for losing)\n|l|\u2606SeaWolfMikess\n|player|p2|\n|c|\u2606sitoalcorba|sorry for the doble miss\n|l| byBatiCorn\n|c|\u2606sitoalcorba|i dont know if matters because the formula is the same\n|l|\u2606sitoalcorba\n|player|p1|\n","uploadtime":1733578182,"views":16,"formatid":"gen9vgc2024regh","rating":1667,"private":0,"password":null}