{"id":"gen9vgc2024regh-2258015416","format":"[Gen 9] VGC 2024 Reg H","players":["Pierleo","dominicex2"],"log":"|j|\u2606Pierleo\n|j|\u2606dominicex2\n|t:|1733506943\n|gametype|doubles\n|player|p1|Pierleo|265|1645\n|player|p2|dominicex2|pokemonranger-gen4|1688\n|teamsize|p1|6\n|teamsize|p2|6\n|gen|9\n|tier|[Gen 9] VGC 2024 Reg H\n|rated|\n|rule|Species Clause: Limit one of each Pok\u00e9mon\n|rule|Item Clause: Limit 1 of each item\n|clearpoke\n|poke|p1|Typhlosion-Hisui, L50, M|\n|poke|p1|Murkrow, L50, M|\n|poke|p1|Rillaboom, L50, M|\n|poke|p1|Incineroar, L50, M|\n|poke|p1|Garganacl, L50, F|\n|poke|p1|Sneasler, L50, M|\n|poke|p2|Sneasler, L50, F|\n|poke|p2|Dragonite, L50, M|\n|poke|p2|Incineroar, L50, M|\n|poke|p2|Porygon2, L50|\n|poke|p2|Amoonguss, L50, F|\n|poke|p2|Gholdengo, L50|\n|teampreview|4\n|\n|t:|1733506962\n|start\n|switch|p1a: Incineroar|Incineroar, L50, M|100\/100\n|switch|p1b: Garganacl|Garganacl, L50, F|100\/100\n|switch|p2a: Incineroar|Incineroar, L50, M|100\/100\n|switch|p2b: Dragonite|Dragonite, L50, M|100\/100\n|-ability|p2a: Incineroar|Intimidate|boost\n|-unboost|p1a: Incineroar|atk|1\n|-unboost|p1b: Garganacl|atk|1\n|-ability|p1a: Incineroar|Intimidate|boost\n|-unboost|p2a: Incineroar|atk|1\n|-unboost|p2b: Dragonite|atk|1\n|turn|1\n|inactive|Battle timer is ON: inactive players will automatically lose when time's up. (requested by Pierleo)\n|\n|t:|1733506979\n|switch|p2b: Sneasler|Sneasler, L50, F|100\/100\n|-terastallize|p1b: Garganacl|Ghost\n|move|p2a: Incineroar|Fake Out|p1b: Garganacl\n|-immune|p1b: Garganacl\n|move|p1a: Incineroar|Will-O-Wisp|p2b: Sneasler\n|-status|p2b: Sneasler|brn\n|move|p1b: Garganacl|Iron Defense|p1b: Garganacl\n|-boost|p1b: Garganacl|def|2\n|\n|-damage|p2b: Sneasler|95\/100 brn|[from] brn\n|upkeep\n|turn|2\n|inactive|dominicex2 has 30 seconds left.\n|\n|t:|1733507006\n|switch|p1a: Rillaboom|Rillaboom, L50, M|100\/100\n|-fieldstart|move: Grassy Terrain|[from] ability: Grassy Surge|[of] p1a: Rillaboom\n|move|p2b: Sneasler|Close Combat|p1a: Rillaboom\n|-damage|p1a: Rillaboom|69\/100\n|-unboost|p2b: Sneasler|def|1\n|-unboost|p2b: Sneasler|spd|1\n|move|p2a: Incineroar|Parting Shot|p1a: Rillaboom\n|-unboost|p1a: Rillaboom|atk|1\n|-unboost|p1a: Rillaboom|spa|1\n|\n|t:|1733507016\n|switch|p2a: Gholdengo|Gholdengo, L50|100\/100|[from] Parting Shot\n|move|p1b: Garganacl|Salt Cure|p2a: Gholdengo\n|-resisted|p2a: Gholdengo\n|-damage|p2a: Gholdengo|96\/100\n|-start|p2a: Gholdengo|Salt Cure\n|\n|-heal|p2b: Sneasler|100\/100 brn|[from] Grassy Terrain\n|-heal|p2a: Gholdengo|100\/100|[from] Grassy Terrain\n|-heal|p1a: Rillaboom|75\/100|[from] Grassy Terrain\n|-damage|p2b: Sneasler|95\/100 brn|[from] brn\n|-damage|p2a: Gholdengo|76\/100|[from] Salt Cure\n|upkeep\n|turn|3\n|\n|t:|1733507038\n|switch|p2a: Incineroar|Incineroar, L50, M|100\/100\n|-ability|p2a: Incineroar|Intimidate|boost\n|-unboost|p1a: Rillaboom|atk|1\n|-unboost|p1b: Garganacl|atk|1\n|switch|p1a: Incineroar|Incineroar, L50, M|100\/100\n|-ability|p1a: Incineroar|Intimidate|boost\n|-unboost|p2a: Incineroar|atk|1\n|-unboost|p2b: Sneasler|atk|1\n|move|p2b: Sneasler|Dire Claw|p1a: Incineroar\n|-damage|p1a: Incineroar|86\/100\n|-status|p1a: Incineroar|psn\n|move|p1b: Garganacl|Salt Cure|p2b: Sneasler\n|-resisted|p2b: Sneasler\n|-damage|p2b: Sneasler|86\/100 brn\n|-start|p2b: Sneasler|Salt Cure\n|\n|-heal|p2b: Sneasler|92\/100 brn|[from] Grassy Terrain\n|-heal|p1a: Incineroar|92\/100 psn|[from] Grassy Terrain\n|-damage|p1a: Incineroar|80\/100 psn|[from] psn\n|-damage|p2b: Sneasler|86\/100 brn|[from] brn\n|-damage|p2b: Sneasler|74\/100 brn|[from] Salt Cure\n|upkeep\n|turn|4\n|j| panayiotis1993\n|inactive|dominicex2 has 30 seconds left.\n|\n|t:|1733507072\n|-terastallize|p2a: Incineroar|Ghost\n|move|p2b: Sneasler|Close Combat|p1a: Incineroar\n|-supereffective|p1a: Incineroar\n|-damage|p1a: Incineroar|37\/100 psn\n|-unboost|p2b: Sneasler|def|1\n|-unboost|p2b: Sneasler|spd|1\n|move|p2a: Incineroar|Knock Off|p1b: Garganacl\n|-supereffective|p1b: Garganacl\n|-damage|p1b: Garganacl|76\/100\n|-enditem|p1b: Garganacl|Leftovers|[from] move: Knock Off|[of] p2a: Incineroar\n|move|p1a: Incineroar|Knock Off|p2a: Incineroar\n|-supereffective|p2a: Incineroar\n|-damage|p2a: Incineroar|25\/100\n|-enditem|p2a: Incineroar|Safety Goggles|[from] move: Knock Off|[of] p1a: Incineroar\n|move|p1b: Garganacl|Salt Cure|p2a: Incineroar\n|-damage|p2a: Incineroar|18\/100\n|-start|p2a: Incineroar|Salt Cure\n|\n|-heal|p2b: Sneasler|79\/100 brn|[from] Grassy Terrain\n|-heal|p2a: Incineroar|24\/100|[from] Grassy Terrain\n|-heal|p1a: Incineroar|43\/100 psn|[from] Grassy Terrain\n|-heal|p1b: Garganacl|82\/100|[from] Grassy Terrain\n|-damage|p1a: Incineroar|31\/100 psn|[from] psn\n|-damage|p2b: Sneasler|74\/100 brn|[from] brn\n|-damage|p2b: Sneasler|61\/100 brn|[from] Salt Cure\n|-damage|p2a: Incineroar|11\/100|[from] Salt Cure\n|upkeep\n|turn|5\n|inactive|Pierleo has 30 seconds left.\n|\n|t:|1733507104\n|switch|p1a: Sneasler|Sneasler, L50, M|100\/100\n|move|p2b: Sneasler|Dire Claw|p1a: Sneasler\n|-resisted|p1a: Sneasler\n|-damage|p1a: Sneasler|88\/100\n|-status|p1a: Sneasler|par\n|move|p2a: Incineroar|Parting Shot|p1a: Sneasler\n|-unboost|p1a: Sneasler|atk|1\n|-unboost|p1a: Sneasler|spa|1\n|\n|t:|1733507120\n|switch|p2a: Gholdengo|Gholdengo, L50|76\/100|[from] Parting Shot\n|move|p1b: Garganacl|Salt Cure|p2a: Gholdengo\n|-resisted|p2a: Gholdengo\n|-damage|p2a: Gholdengo|73\/100\n|-start|p2a: Gholdengo|Salt Cure\n|\n|-heal|p2b: Sneasler|67\/100 brn|[from] Grassy Terrain\n|-heal|p2a: Gholdengo|79\/100|[from] Grassy Terrain\n|-heal|p1a: Sneasler|94\/100 par|[from] Grassy Terrain\n|-heal|p1b: Garganacl|88\/100|[from] Grassy Terrain\n|-damage|p2b: Sneasler|61\/100 brn|[from] brn\n|-damage|p2b: Sneasler|49\/100 brn|[from] Salt Cure\n|-damage|p2a: Gholdengo|54\/100|[from] Salt Cure\n|upkeep\n|turn|6\n|\n|t:|1733507141\n|switch|p2b: Dragonite|Dragonite, L50, M|100\/100\n|switch|p2a: Incineroar|Incineroar, L50, M, tera:Ghost|11\/100\n|-ability|p2a: Incineroar|Intimidate|boost\n|-unboost|p1a: Sneasler|atk|1\n|-unboost|p1b: Garganacl|atk|1\n|move|p1a: Sneasler|Fake Out|p2b: Dragonite\n|-damage|p2b: Dragonite|96\/100\n|-status|p2b: Dragonite|psn|[from] ability: Poison Touch|[of] p1a: Sneasler\n|move|p1b: Garganacl|Salt Cure|p2a: Incineroar\n|-damage|p2a: Incineroar|5\/100\n|-start|p2a: Incineroar|Salt Cure\n|\n|-heal|p2a: Incineroar|11\/100|[from] Grassy Terrain\n|-heal|p1a: Sneasler|99\/100 par|[from] Grassy Terrain\n|-heal|p1b: Garganacl|94\/100|[from] Grassy Terrain\n|-damage|p2b: Dragonite|84\/100 psn|[from] psn\n|-damage|p2a: Incineroar|0 fnt|[from] Salt Cure\n|faint|p2a: Incineroar\n|-fieldend|move: Grassy Terrain\n|upkeep\n|\n|t:|1733507154\n|switch|p2a: Gholdengo|Gholdengo, L50|54\/100\n|turn|7\n|\n|t:|1733507170\n|switch|p1a: Rillaboom|Rillaboom, L50, M|75\/100\n|-fieldstart|move: Grassy Terrain|[from] ability: Grassy Surge|[of] p1a: Rillaboom\n|move|p2a: Gholdengo|Protect|p2a: Gholdengo\n|-singleturn|p2a: Gholdengo|Protect\n|move|p2b: Dragonite|Scale Shot|p1a: Rillaboom\n|-damage|p1a: Rillaboom|60\/100\n|-damage|p1a: Rillaboom|46\/100\n|-damage|p1a: Rillaboom|31\/100\n|-damage|p1a: Rillaboom|16\/100\n|-hitcount|p1a: Rillaboom|4\n|-unboost|p2b: Dragonite|def|1\n|-boost|p2b: Dragonite|spe|1\n|move|p1b: Garganacl|Salt Cure|p2a: Gholdengo\n|-activate|p2a: Gholdengo|move: Protect\n|\n|-heal|p2a: Gholdengo|60\/100|[from] Grassy Terrain\n|-heal|p1a: Rillaboom|22\/100|[from] Grassy Terrain\n|-heal|p1b: Garganacl|99\/100|[from] Grassy Terrain\n|-damage|p2b: Dragonite|72\/100 psn|[from] psn\n|upkeep\n|turn|8\n|inactive|dominicex2 has 30 seconds left.\n|\n|t:|1733507198\n|switch|p2a: Sneasler|Sneasler, L50, F|49\/100 brn\n|move|p1a: Rillaboom|Fake Out|p2b: Dragonite\n|-damage|p2b: Dragonite|49\/100 psn\n|cant|p2b: Dragonite|flinch\n|move|p1b: Garganacl|Salt Cure|p2a: Sneasler\n|-resisted|p2a: Sneasler\n|-damage|p2a: Sneasler|45\/100 brn\n|-start|p2a: Sneasler|Salt Cure\n|\n|-heal|p2a: Sneasler|50\/100 brn|[from] Grassy Terrain\n|-heal|p1a: Rillaboom|28\/100|[from] Grassy Terrain\n|-heal|p1b: Garganacl|100\/100|[from] Grassy Terrain\n|-damage|p2b: Dragonite|37\/100 psn|[from] psn\n|-damage|p2a: Sneasler|45\/100 brn|[from] brn\n|-damage|p2a: Sneasler|33\/100 brn|[from] Salt Cure\n|upkeep\n|turn|9\n|inactive|dominicex2 has 30 seconds left.\n|\n|t:|1733507226\n|switch|p2b: Gholdengo|Gholdengo, L50|60\/100\n|switch|p1a: Incineroar|Incineroar, L50, M|31\/100 psn\n|-ability|p1a: Incineroar|Intimidate|boost\n|-unboost|p2a: Sneasler|atk|1\n|-unboost|p2b: Gholdengo|atk|1\n|move|p2a: Sneasler|Dire Claw|p1a: Incineroar\n|-damage|p1a: Incineroar|16\/100 psn\n|move|p1b: Garganacl|Salt Cure|p2b: Gholdengo\n|-resisted|p2b: Gholdengo\n|-damage|p2b: Gholdengo|57\/100\n|-start|p2b: Gholdengo|Salt Cure\n|\n|-heal|p2a: Sneasler|38\/100 brn|[from] Grassy Terrain\n|-heal|p2b: Gholdengo|64\/100|[from] Grassy Terrain\n|-heal|p1a: Incineroar|22\/100 psn|[from] Grassy Terrain\n|-damage|p1a: Incineroar|10\/100 psn|[from] psn\n|-damage|p2a: Sneasler|33\/100 brn|[from] brn\n|-damage|p2a: Sneasler|20\/100 brn|[from] Salt Cure\n|-damage|p2b: Gholdengo|39\/100|[from] Salt Cure\n|upkeep\n|turn|10\n|inactive|Pierleo has 30 seconds left.\n|\n|t:|1733507252\n|switch|p2b: Dragonite|Dragonite, L50, M|37\/100 psn\n|move|p1a: Incineroar|Fake Out|p2a: Sneasler\n|-damage|p2a: Sneasler|4\/100 brn\n|cant|p2a: Sneasler|flinch\n|move|p1b: Garganacl|Salt Cure|p2a: Sneasler\n|-resisted|p2a: Sneasler\n|-damage|p2a: Sneasler|0 fnt\n|faint|p2a: Sneasler\n|\n|-heal|p1a: Incineroar|16\/100 psn|[from] Grassy Terrain\n|-damage|p2b: Dragonite|25\/100 psn|[from] psn\n|-damage|p1a: Incineroar|3\/100 psn|[from] psn\n|upkeep\n|\n|t:|1733507261\n|switch|p2a: Gholdengo|Gholdengo, L50|39\/100\n|turn|11\n|inactive|dominicex2 has 30 seconds left.\n|\n|t:|1733507291\n|move|p2a: Gholdengo|Protect|p2a: Gholdengo\n|-singleturn|p2a: Gholdengo|Protect\n|move|p2b: Dragonite|Scale Shot|p1a: Incineroar\n|-damage|p1a: Incineroar|0 fnt\n|faint|p1a: Incineroar\n|-hitcount|p1: Incineroar|1\n|-unboost|p2b: Dragonite|def|1\n|-boost|p2b: Dragonite|spe|1\n|move|p1b: Garganacl|Salt Cure|p2b: Dragonite\n|-supereffective|p2b: Dragonite\n|-damage|p2b: Dragonite|3\/100 psn\n|-start|p2b: Dragonite|Salt Cure\n|\n|-heal|p2a: Gholdengo|45\/100|[from] Grassy Terrain\n|-damage|p2b: Dragonite|0 fnt|[from] psn\n|faint|p2b: Dragonite\n|-fieldend|move: Grassy Terrain\n|upkeep\n|\n|t:|1733507306\n|switch|p1a: Rillaboom|Rillaboom, L50, M|28\/100\n|-fieldstart|move: Grassy Terrain|[from] ability: Grassy Surge|[of] p1a: Rillaboom\n|turn|12\n|\n|t:|1733507314\n|move|p2a: Gholdengo|Nasty Plot|p2a: Gholdengo\n|-boost|p2a: Gholdengo|spa|2\n|move|p1a: Rillaboom|High Horsepower|p2a: Gholdengo\n|-supereffective|p2a: Gholdengo\n|-damage|p2a: Gholdengo|0 fnt\n|faint|p2a: Gholdengo\n|\n|win|Pierleo\n|raw|Pierleo's rating: 1645 &rarr; <strong>1667<\/strong><br \/>(+22 for winning)\n|raw|dominicex2's rating: 1688 &rarr; <strong>1666<\/strong><br \/>(-22 for losing)\n|l|\u2606dominicex2\n|player|p2|\n|l|\u2606Pierleo\n|player|p1|\n|l| panayiotis1993\n","uploadtime":1733507485,"views":6,"formatid":"gen9vgc2024regh","rating":1666,"private":0,"password":null}