{"id":"gen9vgc2024regh-2258083779","format":"[Gen 9] VGC 2024 Reg H","players":["pys_max","Diestoise"],"log":"|j|\u2606pys_max\n|j|\u2606Diestoise\n|t:|1733513697\n|gametype|doubles\n|player|p1|pys_max|266|1782\n|player|p2|Diestoise|blue|1655\n|teamsize|p1|6\n|teamsize|p2|6\n|gen|9\n|tier|[Gen 9] VGC 2024 Reg H\n|rated|\n|rule|Species Clause: Limit one of each Pok\u00e9mon\n|rule|Item Clause: Limit 1 of each item\n|clearpoke\n|poke|p1|Chandelure, L50, M|\n|poke|p1|Ursaluna-Bloodmoon, L50, M|\n|poke|p1|Sneasler, L50, M|\n|poke|p1|Dragonite, L50, M|\n|poke|p1|Kingambit, L50, F|\n|poke|p1|Archaludon, L50, M|\n|poke|p2|Tyranitar, L50, M|\n|poke|p2|Garchomp, L50, M|\n|poke|p2|Hydreigon, L50, F|\n|poke|p2|Primarina, L50, F|\n|poke|p2|Gholdengo, L50|\n|poke|p2|Amoonguss, L50, M|\n|teampreview|4\n|\n|t:|1733513734\n|start\n|switch|p1a: Sneasler|Sneasler, L50, M|100\/100\n|switch|p1b: Archaludon|Archaludon, L50, M|100\/100\n|switch|p2a: Primarina|Primarina, L50, F, shiny|100\/100\n|switch|p2b: Hydreigon|Hydreigon, L50, F|100\/100\n|turn|1\n|\n|t:|1733513765\n|switch|p2b: Gholdengo|Gholdengo, L50|100\/100\n|move|p1a: Sneasler|Fake Out|p2b: Gholdengo\n|-immune|p2b: Gholdengo\n|move|p1b: Archaludon|Electro Shot||[still]\n|-prepare|p1b: Archaludon|Electro Shot\n|-boost|p1b: Archaludon|spa|1\n|-enditem|p1b: Archaludon|Power Herb\n|-anim|p1b: Archaludon|Electro Shot|p2a: Primarina\n|-supereffective|p2a: Primarina\n|-damage|p2a: Primarina|0 fnt\n|faint|p2a: Primarina\n|\n|upkeep\n|\n|t:|1733513779\n|switch|p2a: Tyranitar|Tyranitar, L50, M|100\/100\n|-weather|Sandstorm|[from] ability: Sand Stream|[of] p2a: Tyranitar\n|turn|2\n|\n|t:|1733513809\n|-terastallize|p2a: Tyranitar|Flying\n|move|p1a: Sneasler|Close Combat|p2a: Tyranitar\n|-resisted|p2a: Tyranitar\n|-damage|p2a: Tyranitar|74\/100\n|-unboost|p1a: Sneasler|def|1\n|-unboost|p1a: Sneasler|spd|1\n|move|p1b: Archaludon|Electro Shot||[still]\n|-prepare|p1b: Archaludon|Electro Shot\n|-boost|p1b: Archaludon|spa|1\n|move|p2b: Gholdengo|Nasty Plot|p2b: Gholdengo\n|-boost|p2b: Gholdengo|spa|2\n|move|p2a: Tyranitar|Tera Blast|p1a: Sneasler|[anim] Tera Blast Flying\n|-supereffective|p1a: Sneasler\n|-enditem|p1a: Sneasler|Focus Sash\n|-damage|p1a: Sneasler|1\/100\n|\n|-weather|Sandstorm|[upkeep]\n|-damage|p1a: Sneasler|0 fnt|[from] Sandstorm\n|-damage|p2a: Tyranitar|69\/100|[from] Sandstorm\n|faint|p1a: Sneasler\n|upkeep\n|\n|t:|1733513826\n|switch|p1a: Ursaluna|Ursaluna-Bloodmoon, L50, M|100\/100\n|turn|3\n|\n|t:|1733513846\n|switch|p2a: Hydreigon|Hydreigon, L50, F|100\/100\n|move|p2b: Gholdengo|Protect|p2b: Gholdengo\n|-singleturn|p2b: Gholdengo|Protect\n|move|p1b: Archaludon|Electro Shot|p2a: Hydreigon|[from]lockedmove\n|-resisted|p2a: Hydreigon\n|-damage|p2a: Hydreigon|51\/100\n|move|p1a: Ursaluna|Earth Power|p2b: Gholdengo\n|-activate|p2b: Gholdengo|move: Protect\n|\n|-weather|Sandstorm|[upkeep]\n|-damage|p2a: Hydreigon|46\/100|[from] Sandstorm\n|upkeep\n|turn|4\n|\n|t:|1733513861\n|-terastallize|p1b: Archaludon|Dragon\n|move|p1a: Ursaluna|Vacuum Wave|p2a: Hydreigon\n|-supereffective|p2a: Hydreigon\n|-damage|p2a: Hydreigon|12\/100\n|move|p2a: Hydreigon|Snarl|p1a: Ursaluna|[spread] p1a,p1b\n|-damage|p1a: Ursaluna|86\/100\n|-damage|p1b: Archaludon|72\/100\n|-unboost|p1a: Ursaluna|spa|1\n|-unboost|p1b: Archaludon|spa|1\n|-ability|p1b: Archaludon|Stamina|boost\n|-boost|p1b: Archaludon|def|1\n|move|p1b: Archaludon|Draco Meteor|p2b: Gholdengo\n|-resisted|p2b: Gholdengo\n|-damage|p2b: Gholdengo|29\/100\n|-unboost|p1b: Archaludon|spa|2\n|move|p2b: Gholdengo|Make It Rain|p1b: Archaludon|[spread] p1a,p1b\n|-damage|p1a: Ursaluna|0 fnt\n|-damage|p1b: Archaludon|0 fnt\n|-unboost|p2b: Gholdengo|spa|1\n|faint|p1a: Ursaluna\n|faint|p1b: Archaludon\n|-damage|p2b: Gholdengo|19\/100|[from] item: Life Orb\n|\n|-weather|Sandstorm|[upkeep]\n|-damage|p2a: Hydreigon|7\/100|[from] Sandstorm\n|upkeep\n|\n|t:|1733513880\n|switch|p1b: Chandelure|Chandelure, L50, M|100\/100\n|turn|5\n|\n|t:|1733513896\n|move|p1b: Chandelure|Protect|p1b: Chandelure\n|-singleturn|p1b: Chandelure|Protect\n|move|p2a: Hydreigon|Tailwind|p2a: Hydreigon\n|-sidestart|p2: Diestoise|move: Tailwind\n|move|p2b: Gholdengo|Shadow Ball|p1b: Chandelure\n|-activate|p1b: Chandelure|move: Protect\n|\n|-weather|Sandstorm|[upkeep]\n|-damage|p2a: Hydreigon|1\/100|[from] Sandstorm\n|-damage|p1b: Chandelure|95\/100|[from] Sandstorm\n|upkeep\n|turn|6\n|\n|t:|1733513910\n|move|p1b: Chandelure|Protect||[still]\n|-fail|p1b: Chandelure\n|move|p2a: Hydreigon|Draco Meteor|p1b: Chandelure\n|-damage|p1b: Chandelure|21\/100\n|-unboost|p2a: Hydreigon|spa|2\n|-enditem|p1b: Chandelure|Sitrus Berry|[eat]\n|-heal|p1b: Chandelure|45\/100|[from] item: Sitrus Berry\n|move|p2b: Gholdengo|Shadow Ball|p1b: Chandelure\n|-supereffective|p1b: Chandelure\n|-damage|p1b: Chandelure|0 fnt\n|faint|p1b: Chandelure\n|-damage|p2b: Gholdengo|10\/100|[from] item: Life Orb\n|\n|win|Diestoise\n|raw|pys_max's rating: 1782 &rarr; <strong>1755<\/strong><br \/>(-27 for losing)\n|raw|Diestoise's rating: 1655 &rarr; <strong>1682<\/strong><br \/>(+27 for winning)\n|l|\u2606Diestoise\n|player|p2|\n|l|\u2606pys_max\n|player|p1|\n","uploadtime":1733514181,"views":5,"formatid":"gen9vgc2024regh","rating":1682,"private":0,"password":null}