{"id":"gen9vgc2024regh-2258814474","format":"[Gen 9] VGC 2024 Reg H","players":["futonkagebunshin","OUFR snakeburger"],"log":"|j|\u2606futonkagebunshin\n|j|\u2606OUFR snakeburger\n|t:|1733620391\n|gametype|doubles\n|player|p1|futonkagebunshin|policeman-gen4|1689\n|player|p2|OUFR snakeburger|265|1686\n|teamsize|p1|6\n|teamsize|p2|6\n|gen|9\n|tier|[Gen 9] VGC 2024 Reg H\n|rated|\n|rule|Species Clause: Limit one of each Pok\u00e9mon\n|rule|Item Clause: Limit 1 of each item\n|clearpoke\n|poke|p1|Kilowattrel, L50, F|\n|poke|p1|Garchomp, L50, F|\n|poke|p1|Ninetales-Alola, L50, F|\n|poke|p1|Typhlosion-Hisui, L50, M|\n|poke|p1|Oranguru, L50, M|\n|poke|p1|Tsareena, L50, F|\n|poke|p2|Dragonite, L50, M|\n|poke|p2|Sinistcha, L50|\n|poke|p2|Ursaluna, L50, F|\n|poke|p2|Gholdengo, L50|\n|poke|p2|Archaludon, L50, M|\n|poke|p2|Pelipper, L50, F|\n|teampreview|4\n|c|\u2606OUFR snakeburger|glhf\n|\n|t:|1733620462\n|start\n|switch|p1a: Kilowattrel|Kilowattrel, L50, F|100\/100\n|switch|p1b: Garchomp|Garchomp, L50, F|100\/100\n|switch|p2a: Sinistcha|Sinistcha, L50|100\/100\n|switch|p2b: Pelipper|Pelipper, L50, F|100\/100\n|-weather|RainDance|[from] ability: Drizzle|[of] p2b: Pelipper\n|turn|1\n|\n|t:|1733620499\n|move|p2b: Pelipper|Wide Guard|p2b: Pelipper\n|-singleturn|p2b: Pelipper|Wide Guard\n|move|p1a: Kilowattrel|Air Slash|p2b: Pelipper\n|-damage|p2b: Pelipper|40\/100\n|move|p1b: Garchomp|Outrage|p2a: Sinistcha\n|-damage|p2a: Sinistcha|26\/100\n|-enditem|p2a: Sinistcha|Sitrus Berry|[eat]\n|-heal|p2a: Sinistcha|50\/100|[from] item: Sitrus Berry\n|-damage|p1b: Garchomp|91\/100|[from] item: Life Orb\n|move|p2a: Sinistcha|Trick Room|p2a: Sinistcha\n|-fieldstart|move: Trick Room|[of] p2a: Sinistcha\n|\n|-weather|RainDance|[upkeep]\n|upkeep\n|turn|2\n|\n|t:|1733620514\n|switch|p1a: Ninetales|Ninetales-Alola, L50, F|100\/100\n|-weather|Snow|[from] ability: Snow Warning|[of] p1a: Ninetales\n|move|p2a: Sinistcha|Matcha Gotcha|p1b: Garchomp|[spread] p1a,p1b\n|-damage|p1a: Ninetales|74\/100\n|-heal|p2a: Sinistcha|62\/100|[from] drain|[of] p1a: Ninetales\n|-damage|p1b: Garchomp|61\/100\n|-heal|p2a: Sinistcha|77\/100|[from] drain|[of] p1b: Garchomp\n|-status|p1b: Garchomp|brn\n|move|p2b: Pelipper|Muddy Water|p1a: Ninetales|[spread] p1a\n|-miss|p2b: Pelipper|p1b: Garchomp\n|-damage|p1a: Ninetales|43\/100\n|-unboost|p1a: Ninetales|accuracy|1\n|move|p1b: Garchomp|Outrage|p2a: Sinistcha|[from]lockedmove\n|-damage|p2a: Sinistcha|44\/100\n|-damage|p1b: Garchomp|51\/100 brn|[from] item: Life Orb\n|\n|-weather|Snow|[upkeep]\n|-damage|p1b: Garchomp|45\/100 brn|[from] brn\n|upkeep\n|turn|3\n|\n|t:|1733620559\n|switch|p2b: Archaludon|Archaludon, L50, M|100\/100\n|switch|p1a: Oranguru|Oranguru, L50, M|100\/100\n|move|p2a: Sinistcha|Matcha Gotcha|p1a: Oranguru|[spread] p1a,p1b\n|-damage|p1a: Oranguru|81\/100\n|-heal|p2a: Sinistcha|55\/100|[from] drain|[of] p1a: Oranguru\n|-damage|p1b: Garchomp|18\/100 brn\n|-heal|p2a: Sinistcha|69\/100|[from] drain|[of] p1b: Garchomp\n|move|p1b: Garchomp|Outrage|p2b: Archaludon|[from]lockedmove\n|-damage|p2b: Archaludon|68\/100\n|-ability|p2b: Archaludon|Stamina|boost\n|-boost|p2b: Archaludon|def|1\n|-damage|p1b: Garchomp|9\/100 brn|[from] item: Life Orb\n|-start|p1b: Garchomp|confusion|[fatigue]\n|\n|-weather|Snow|[upkeep]\n|-damage|p1b: Garchomp|3\/100 brn|[from] brn\n|upkeep\n|turn|4\n|\n|t:|1733620615\n|switch|p1b: Kilowattrel|Kilowattrel, L50, F|100\/100\n|move|p1a: Oranguru|Encore|p2a: Sinistcha\n|-start|p2a: Sinistcha|Encore\n|move|p2a: Sinistcha|Matcha Gotcha|p1b: Kilowattrel|[spread] p1a,p1b\n|-resisted|p1b: Kilowattrel\n|-damage|p1a: Oranguru|63\/100\n|-heal|p2a: Sinistcha|79\/100|[from] drain|[of] p1a: Oranguru\n|-damage|p1b: Kilowattrel|77\/100\n|-heal|p2a: Sinistcha|89\/100|[from] drain|[of] p1b: Kilowattrel\n|-status|p1a: Oranguru|brn\n|-status|p1b: Kilowattrel|brn\n|move|p2b: Archaludon|Snarl|p1b: Kilowattrel|[spread] p1a,p1b\n|-supereffective|p1a: Oranguru\n|-damage|p1a: Oranguru|41\/100 brn\n|-damage|p1b: Kilowattrel|48\/100 brn\n|-unboost|p1a: Oranguru|spa|1\n|-unboost|p1b: Kilowattrel|spa|1\n|-ability|p1b: Kilowattrel|Competitive|boost\n|-boost|p1b: Kilowattrel|spa|2\n|\n|-weather|Snow|[upkeep]\n|-damage|p1a: Oranguru|35\/100 brn|[from] brn\n|-damage|p1b: Kilowattrel|42\/100 brn|[from] brn\n|upkeep\n|turn|5\n|\n|t:|1733620642\n|move|p1b: Kilowattrel|Protect|p1b: Kilowattrel\n|-singleturn|p1b: Kilowattrel|Protect\n|move|p1a: Oranguru|Encore|p2b: Archaludon\n|-start|p2b: Archaludon|Encore\n|move|p2a: Sinistcha|Matcha Gotcha|p1a: Oranguru|[spread] p1a\n|-activate|p1b: Kilowattrel|move: Protect\n|-damage|p1a: Oranguru|16\/100 brn\n|-heal|p2a: Sinistcha|99\/100|[from] drain|[of] p1a: Oranguru\n|move|p2b: Archaludon|Snarl|p1a: Oranguru|[spread] p1a\n|-activate|p1b: Kilowattrel|move: Protect\n|-supereffective|p1a: Oranguru\n|-damage|p1a: Oranguru|0 fnt\n|faint|p1a: Oranguru\n|\n|-weather|Snow|[upkeep]\n|-damage|p1b: Kilowattrel|35\/100 brn|[from] brn\n|-fieldend|move: Trick Room\n|upkeep\n|\n|t:|1733620656\n|switch|p1a: Garchomp|Garchomp, L50, F|3\/100 brn\n|turn|6\n|\n|t:|1733620678\n|switch|p2b: Dragonite|Dragonite, L50, M|100\/100\n|move|p1b: Kilowattrel|Discharge|p2a: Sinistcha|[spread] p2a,p2b\n|-immune|p1a: Garchomp\n|-resisted|p2a: Sinistcha\n|-damage|p2a: Sinistcha|83\/100\n|-damage|p2b: Dragonite|81\/100\n|move|p1a: Garchomp|Earthquake|p2b: Dragonite|[spread] p2a\n|-immune|p1b: Kilowattrel\n|-immune|p2b: Dragonite\n|-resisted|p2a: Sinistcha\n|-damage|p2a: Sinistcha|72\/100\n|-damage|p1a: Garchomp|0 fnt|[from] item: Life Orb\n|faint|p1a: Garchomp\n|move|p2a: Sinistcha|Matcha Gotcha|p1b: Kilowattrel\n|-resisted|p1b: Kilowattrel\n|-damage|p1b: Kilowattrel|6\/100 brn\n|-heal|p2a: Sinistcha|84\/100|[from] drain|[of] p1b: Kilowattrel\n|\n|-weather|none\n|-damage|p1b: Kilowattrel|0 fnt|[from] brn\n|faint|p1b: Kilowattrel\n|-end|p2a: Sinistcha|Encore\n|upkeep\n|-message|futonkagebunshin forfeited.\n|\n|win|OUFR snakeburger\n|raw|futonkagebunshin's rating: 1689 &rarr; <strong>1669<\/strong><br \/>(-20 for losing)\n|raw|OUFR snakeburger's rating: 1686 &rarr; <strong>1706<\/strong><br \/>(+20 for winning)\n|l|\u2606OUFR snakeburger\n|player|p2|\n|j| TheDevilsGrace\n","uploadtime":1733620875,"views":12,"formatid":"gen9vgc2024regh","rating":1669,"private":0,"password":null}