{"id":"gen9vgc2024regh-2258603915","format":"[Gen 9] VGC 2024 Reg H","players":["Blackleafogog","pys_max"],"log":"|j|\u2606Blackleafogog\n|j|\u2606pys_max\n|t:|1733593874\n|gametype|doubles\n|player|p1|Blackleafogog|crasherwake|1639\n|player|p2|pys_max|169|1685\n|teamsize|p1|6\n|teamsize|p2|6\n|gen|9\n|tier|[Gen 9] VGC 2024 Reg H\n|rated|\n|rule|Species Clause: Limit one of each Pok\u00e9mon\n|rule|Item Clause: Limit 1 of each item\n|clearpoke\n|poke|p1|Tyranitar, L50, M|\n|poke|p1|Gholdengo, L50|\n|poke|p1|Garchomp, L50, F|\n|poke|p1|Gastrodon, L50, M|\n|poke|p1|Corviknight, L50, M|\n|poke|p1|Incineroar, L50, M|\n|poke|p2|Milotic, L50, M|\n|poke|p2|Tyranitar, L50, F|\n|poke|p2|Talonflame, L50, M|\n|poke|p2|Garchomp, L50, F|\n|poke|p2|Amoonguss, L50, F|\n|poke|p2|Gholdengo, L50|\n|teampreview|4\n|\n|t:|1733593902\n|start\n|switch|p1a: Garchomp|Garchomp, L50, F, shiny|100\/100\n|switch|p1b: Incineroar|Incineroar, L50, M|100\/100\n|switch|p2a: Milotic|Milotic, L50, M|100\/100\n|switch|p2b: Garchomp|Garchomp, L50, F|100\/100\n|-ability|p1b: Incineroar|Intimidate|boost\n|-unboost|p2a: Milotic|atk|1\n|-ability|p2a: Milotic|Competitive|boost\n|-boost|p2a: Milotic|spa|2\n|-unboost|p2b: Garchomp|atk|1\n|turn|1\n|inactive|Battle timer is ON: inactive players will automatically lose when time's up. (requested by Blackleafogog)\n|\n|t:|1733593926\n|move|p1a: Garchomp|Protect|p1a: Garchomp\n|-singleturn|p1a: Garchomp|Protect\n|move|p2b: Garchomp|Stomping Tantrum|p1b: Incineroar\n|-supereffective|p1b: Incineroar\n|-damage|p1b: Incineroar|38\/100\n|-damage|p2b: Garchomp|91\/100|[from] item: Life Orb\n|move|p2a: Milotic|Icy Wind|p1b: Incineroar|[spread] p1b\n|-activate|p1a: Garchomp|move: Protect\n|-resisted|p1b: Incineroar\n|-damage|p1b: Incineroar|30\/100\n|-unboost|p1b: Incineroar|spe|1\n|move|p1b: Incineroar|Will-O-Wisp|p2b: Garchomp\n|-status|p2b: Garchomp|brn\n|\n|-damage|p2b: Garchomp|85\/100 brn|[from] brn\n|upkeep\n|turn|2\n|inactive|Blackleafogog has 30 seconds left.\n|inactive|Blackleafogog has 20 seconds left.\n|inactive|Blackleafogog has 15 seconds left.\n|inactive|Blackleafogog has 10 seconds left.\n|\n|t:|1733593974\n|switch|p1b: Tyranitar|Tyranitar, L50, M, shiny|100\/100\n|-weather|Sandstorm|[from] ability: Sand Stream|[of] p1b: Tyranitar\n|-terastallize|p1a: Garchomp|Steel\n|move|p2b: Garchomp|Stomping Tantrum|p1b: Tyranitar\n|-supereffective|p1b: Tyranitar\n|-damage|p1b: Tyranitar|78\/100\n|-damage|p2b: Garchomp|75\/100 brn|[from] item: Life Orb\n|move|p1a: Garchomp|Dragon Claw|p2a: Milotic\n|-crit|p2a: Milotic\n|-damage|p2a: Milotic|33\/100\n|move|p2a: Milotic|Icy Wind|p1a: Garchomp|[spread] p1a\n|-miss|p2a: Milotic|p1b: Tyranitar\n|-resisted|p1a: Garchomp\n|-damage|p1a: Garchomp|88\/100\n|\n|-weather|Sandstorm|[upkeep]\n|-damage|p2b: Garchomp|69\/100 brn|[from] brn\n|upkeep\n|turn|3\n|inactive|Blackleafogog has 30 seconds left.\n|inactive|pys_max has 30 seconds left.\n|inactive|Blackleafogog has 20 seconds left.\n|inactive|Blackleafogog has 15 seconds left.\n|\n|t:|1733594017\n|move|p2a: Milotic|Protect|p2a: Milotic\n|-singleturn|p2a: Milotic|Protect\n|move|p2b: Garchomp|Earthquake|p1b: Tyranitar|[spread] p1b\n|-activate|p2a: Milotic|move: Protect\n|-miss|p2b: Garchomp|p1a: Garchomp\n|-supereffective|p1b: Tyranitar\n|-damage|p1b: Tyranitar|56\/100\n|-damage|p2b: Garchomp|59\/100 brn|[from] item: Life Orb\n|move|p1a: Garchomp|Dragon Claw|p2b: Garchomp\n|-supereffective|p2b: Garchomp\n|-damage|p2b: Garchomp|0 fnt\n|-damage|p1a: Garchomp|76\/100|[from] ability: Rough Skin|[of] p2b: Garchomp\n|faint|p2b: Garchomp\n|move|p1b: Tyranitar|Knock Off|p2a: Milotic\n|-activate|p2a: Milotic|move: Protect\n|\n|-weather|Sandstorm|[upkeep]\n|upkeep\n|inactive|pys_max has 30 seconds left.\n|\n|t:|1733594043\n|switch|p2b: Tyranitar|Tyranitar, L50, F|100\/100\n|turn|4\n|inactive|Blackleafogog has 30 seconds left.\n|\n|t:|1733594072\n|-terastallize|p2b: Tyranitar|Flying\n|move|p1a: Garchomp|Dragon Claw|p2a: Milotic\n|-damage|p2a: Milotic|0 fnt\n|faint|p2a: Milotic\n|move|p2b: Tyranitar|Low Kick|p1b: Tyranitar\n|-supereffective|p1b: Tyranitar\n|-damage|p1b: Tyranitar|0 fnt\n|faint|p1b: Tyranitar\n|\n|-weather|Sandstorm|[upkeep]\n|-damage|p2b: Tyranitar|95\/100|[from] Sandstorm\n|upkeep\n|\n|t:|1733594080\n|switch|p2a: Gholdengo|Gholdengo, L50|100\/100\n|switch|p1b: Incineroar|Incineroar, L50, M|30\/100\n|-ability|p1b: Incineroar|Intimidate|boost\n|-unboost|p2a: Gholdengo|atk|1\n|-unboost|p2b: Tyranitar|atk|1\n|turn|5\n|\n|t:|1733594103\n|move|p1a: Garchomp|Rock Slide|p2b: Tyranitar|[spread] p2a\n|-miss|p1a: Garchomp|p2b: Tyranitar\n|-resisted|p2a: Gholdengo\n|-crit|p2a: Gholdengo\n|-damage|p2a: Gholdengo|83\/100\n|move|p2a: Gholdengo|Nasty Plot|p2a: Gholdengo\n|-boost|p2a: Gholdengo|spa|2\n|move|p2b: Tyranitar|Low Kick|p1a: Garchomp\n|-supereffective|p1a: Garchomp\n|-damage|p1a: Garchomp|40\/100\n|move|p1b: Incineroar|Flare Blitz|p2a: Gholdengo\n|-supereffective|p2a: Gholdengo\n|-damage|p2a: Gholdengo|0 fnt\n|faint|p2a: Gholdengo\n|-damage|p1b: Incineroar|7\/100|[from] Recoil\n|\n|-weather|Sandstorm|[upkeep]\n|-damage|p2b: Tyranitar|89\/100|[from] Sandstorm\n|upkeep\n|turn|6\n|\n|t:|1733594122\n|move|p1a: Garchomp|Protect|p1a: Garchomp\n|-singleturn|p1a: Garchomp|Protect\n|move|p2b: Tyranitar|Rock Slide|p1a: Garchomp|[spread] \n|-activate|p1a: Garchomp|move: Protect\n|-miss|p2b: Tyranitar|p1b: Incineroar\n|move|p1b: Incineroar|Parting Shot|p2b: Tyranitar\n|-unboost|p2b: Tyranitar|atk|1\n|-unboost|p2b: Tyranitar|spa|1\n|\n|t:|1733594130\n|switch|p1b: Gastrodon|Gastrodon, L50, M, shiny|100\/100|[from] Parting Shot\n|\n|-weather|none\n|upkeep\n|turn|7\n|-message|pys_max forfeited.\n|\n|win|Blackleafogog\n|raw|Blackleafogog's rating: 1639 &rarr; <strong>1662<\/strong><br \/>(+23 for winning)\n|raw|pys_max's rating: 1685 &rarr; <strong>1662<\/strong><br \/>(-23 for losing)\n|l|\u2606pys_max\n|player|p2|\n|l|\u2606Blackleafogog\n|player|p1|\n","uploadtime":1733594306,"views":20,"formatid":"gen9vgc2024regh","rating":1662,"private":0,"password":null}