{"id":"gen9vgc2024regh-2258933867","format":"[Gen 9] VGC 2024 Reg H","players":["Yaosheng","lkwa1994"],"log":"|j|\u2606Yaosheng\n|j|\u2606lkwa1994\n|t:|1733639285\n|gametype|doubles\n|player|p1|Yaosheng|hilbert|1699\n|player|p2|lkwa1994|102|1786\n|teamsize|p1|6\n|teamsize|p2|6\n|gen|9\n|tier|[Gen 9] VGC 2024 Reg H\n|rated|\n|rule|Species Clause: Limit one of each Pok\u00e9mon\n|rule|Item Clause: Limit 1 of each item\n|clearpoke\n|poke|p1|Electabuzz, L50, F|\n|poke|p1|Ursaluna-Bloodmoon, L50, M|\n|poke|p1|Sneasler, L50, M|\n|poke|p1|Indeedee, L50, M|\n|poke|p1|Incineroar, L50, F|\n|poke|p1|Talonflame, L50, F|\n|poke|p2|Dragonite, L50, F|\n|poke|p2|Sinistcha-Masterpiece, L50|\n|poke|p2|Pelipper, L50, M|\n|poke|p2|Basculegion, L50, M|\n|poke|p2|Ursaluna, L50, M|\n|poke|p2|Archaludon, L50, M|\n|teampreview|4\n|inactive|Battle timer is ON: inactive players will automatically lose when time's up. (requested by Yaosheng)\n|inactive|lkwa1994 has 60 seconds left.\n|\n|t:|1733639340\n|start\n|switch|p1a: Electabuzz|Electabuzz, L50, F|100\/100\n|switch|p1b: Ursaluna|Ursaluna-Bloodmoon, L50, M|100\/100\n|switch|p2a: Pelipper|Pelipper, L50, M|100\/100\n|switch|p2b: Basculegion|Basculegion, L50, M|100\/100\n|-weather|RainDance|[from] ability: Drizzle|[of] p2a: Pelipper\n|turn|1\n|inactive|lkwa1994 has 30 seconds left.\n|\n|t:|1733639369\n|-terastallize|p1a: Electabuzz|Dragon\n|move|p1a: Electabuzz|Follow Me|p1a: Electabuzz\n|-singleturn|p1a: Electabuzz|move: Follow Me\n|move|p2b: Basculegion|Wave Crash|p1a: Electabuzz\n|-resisted|p1a: Electabuzz\n|-damage|p1a: Electabuzz|48\/100\n|-damage|p2b: Basculegion|86\/100|[from] Recoil\n|-damage|p2b: Basculegion|76\/100|[from] item: Life Orb\n|move|p2a: Pelipper|Tailwind|p2a: Pelipper\n|-sidestart|p2: lkwa1994|move: Tailwind\n|move|p1b: Ursaluna|Hyper Voice|p2a: Pelipper|[spread] p2a,p2b\n|-damage|p2a: Pelipper|8\/100\n|-damage|p2b: Basculegion|27\/100\n|-damage|p1b: Ursaluna|91\/100|[from] item: Life Orb\n|\n|-weather|RainDance|[upkeep]\n|upkeep\n|turn|2\n|inactive|lkwa1994 has 30 seconds left.\n|\n|t:|1733639399\n|move|p1a: Electabuzz|Follow Me|p1a: Electabuzz\n|-singleturn|p1a: Electabuzz|move: Follow Me\n|move|p2b: Basculegion|Flip Turn|p1a: Electabuzz\n|-resisted|p1a: Electabuzz\n|-damage|p1a: Electabuzz|21\/100\n|-damage|p2b: Basculegion|17\/100|[from] item: Life Orb\n|\n|t:|1733639407\n|switch|p2b: Archaludon|Archaludon, L50, M|100\/100|[from] Flip Turn\n|move|p2a: Pelipper|Muddy Water|p1a: Electabuzz|[spread] p1a,p1b\n|-resisted|p1a: Electabuzz\n|-supereffective|p1b: Ursaluna\n|-damage|p1a: Electabuzz|5\/100\n|-damage|p1b: Ursaluna|0 fnt\n|-unboost|p1a: Electabuzz|accuracy|1\n|faint|p1b: Ursaluna\n|\n|-weather|RainDance|[upkeep]\n|upkeep\n|\n|t:|1733639418\n|switch|p1b: Indeedee|Indeedee, L50, M, shiny|100\/100\n|-fieldstart|move: Psychic Terrain|[from] ability: Psychic Surge|[of] p1b: Indeedee\n|turn|3\n|\n|t:|1733639438\n|move|p1b: Indeedee|Protect|p1b: Indeedee\n|-singleturn|p1b: Indeedee|Protect\n|move|p2a: Pelipper|Hurricane|p1b: Indeedee\n|-activate|p1b: Indeedee|move: Protect\n|move|p2b: Archaludon|Snarl|p1b: Indeedee|[spread] p1a\n|-activate|p1b: Indeedee|move: Protect\n|-damage|p1a: Electabuzz|0 fnt\n|faint|p1a: Electabuzz\n|\n|-weather|RainDance|[upkeep]\n|upkeep\n|\n|t:|1733639448\n|switch|p1a: Sneasler|Sneasler, L50, M, shiny|100\/100\n|-enditem|p1a: Sneasler|Psychic Seed\n|-boost|p1a: Sneasler|spd|1|[from] item: Psychic Seed\n|turn|4\n|\n|t:|1733639466\n|-terastallize|p2b: Archaludon|Bug\n|move|p1a: Sneasler|Protect|p1a: Sneasler\n|-singleturn|p1a: Sneasler|Protect\n|move|p2a: Pelipper|Hurricane|p1b: Indeedee\n|-damage|p1b: Indeedee|34\/100\n|move|p2b: Archaludon|Snarl|p1a: Sneasler|[spread] p1b\n|-activate|p1a: Sneasler|move: Protect\n|-supereffective|p1b: Indeedee\n|-damage|p1b: Indeedee|0 fnt\n|faint|p1b: Indeedee\n|\n|-weather|RainDance|[upkeep]\n|-sideend|p2: lkwa1994|move: Tailwind\n|upkeep\n|turn|5\n|-message|Yaosheng forfeited.\n|\n|win|lkwa1994\n|raw|Yaosheng's rating: 1699 &rarr; <strong>1684<\/strong><br \/>(-15 for losing)\n|raw|lkwa1994's rating: 1786 &rarr; <strong>1801<\/strong><br \/>(+15 for winning)\n|l|\u2606Yaosheng\n|player|p1|\n|l|\u2606lkwa1994\n|player|p2|\n","uploadtime":1733639694,"views":6,"formatid":"gen9vgc2024regh","rating":1684,"private":0,"password":null}