{"id":"gen9vgc2024regh-2258315675","format":"[Gen 9] VGC 2024 Reg H","players":["bigplan47","pcord cypher"],"log":"|j|\u2606bigplan47\n|j|\u2606pcord cypher\n|t:|1733543569\n|gametype|doubles\n|player|p1|bigplan47|clair|1697\n|player|p2|pcord cypher|169|1656\n|teamsize|p1|6\n|teamsize|p2|6\n|gen|9\n|tier|[Gen 9] VGC 2024 Reg H\n|rated|\n|rule|Species Clause: Limit one of each Pok\u00e9mon\n|rule|Item Clause: Limit 1 of each item\n|clearpoke\n|poke|p1|Indeedee-F, L50, F|\n|poke|p1|Armarouge, L50, M|\n|poke|p1|Torkoal, L50, M|\n|poke|p1|Murkrow, L50, M|\n|poke|p1|Dragapult, L50, M|\n|poke|p1|Ursaluna, L50, M|\n|poke|p2|Pelipper, L50, F|\n|poke|p2|Electabuzz, L50, M|\n|poke|p2|Rillaboom, L50, F|\n|poke|p2|Gholdengo, L50|\n|poke|p2|Archaludon, L50, F|\n|poke|p2|Basculegion, L50, M|\n|teampreview|4\n|inactive|Battle timer is ON: inactive players will automatically lose when time's up. (requested by pcord cypher)\n|\n|t:|1733543605\n|start\n|switch|p1a: Indeedee|Indeedee-F, L50, F|100\/100\n|switch|p1b: Armarouge|Armarouge, L50, M|100\/100\n|switch|p2a: Electabuzz|Electabuzz, L50, M|100\/100\n|switch|p2b: Basculegion|Basculegion, L50, M|100\/100\n|-fieldstart|move: Psychic Terrain|[from] ability: Psychic Surge|[of] p1a: Indeedee\n|turn|1\n|\n|t:|1733543618\n|move|p1a: Indeedee|Follow Me|p1a: Indeedee\n|-singleturn|p1a: Indeedee|move: Follow Me\n|move|p2a: Electabuzz|Taunt|p1a: Indeedee\n|-start|p1a: Indeedee|move: Taunt\n|move|p2b: Basculegion|Flip Turn|p1a: Indeedee\n|-crit|p1a: Indeedee\n|-damage|p1a: Indeedee|33\/100\n|-damage|p2b: Basculegion|84\/100|[from] item: Rocky Helmet|[of] p1a: Indeedee\n|\n|t:|1733543620\n|switch|p2b: Rillaboom|Rillaboom, L50, F|100\/100|[from] Flip Turn\n|-fieldstart|move: Grassy Terrain|[from] ability: Grassy Surge|[of] p2b: Rillaboom\n|move|p1b: Armarouge|Trick Room|p1b: Armarouge\n|-fieldstart|move: Trick Room|[of] p1b: Armarouge\n|\n|-heal|p1a: Indeedee|39\/100|[from] Grassy Terrain\n|upkeep\n|turn|2\n|\n|t:|1733543642\n|switch|p1a: Torkoal|Torkoal, L50, M, shiny|100\/100\n|-weather|SunnyDay|[from] ability: Drought|[of] p1a: Torkoal\n|-terastallize|p2b: Rillaboom|Ground\n|move|p2a: Electabuzz|Follow Me|p2a: Electabuzz\n|-singleturn|p2a: Electabuzz|move: Follow Me\n|move|p1b: Armarouge|Meteor Beam||[still]\n|-prepare|p1b: Armarouge|Meteor Beam\n|-boost|p1b: Armarouge|spa|1\n|-enditem|p1b: Armarouge|Power Herb\n|-anim|p1b: Armarouge|Meteor Beam|p2a: Electabuzz\n|-damage|p2a: Electabuzz|45\/100\n|move|p2b: Rillaboom|High Horsepower|p1b: Armarouge\n|-supereffective|p1b: Armarouge\n|-damage|p1b: Armarouge|0 fnt\n|faint|p1b: Armarouge\n|\n|-weather|SunnyDay|[upkeep]\n|-heal|p2a: Electabuzz|50\/100|[from] Grassy Terrain\n|upkeep\n|\n|t:|1733543658\n|switch|p1b: Ursaluna|Ursaluna, L50, M|100\/100\n|turn|3\n|\n|t:|1733543669\n|switch|p2b: Pelipper|Pelipper, L50, F|100\/100\n|-weather|RainDance|[from] ability: Drizzle|[of] p2b: Pelipper\n|-terastallize|p1a: Torkoal|Fire\n|move|p2a: Electabuzz|Follow Me|p2a: Electabuzz\n|-singleturn|p2a: Electabuzz|move: Follow Me\n|move|p1a: Torkoal|Eruption|p2b: Pelipper|[spread] p2a,p2b\n|-resisted|p2b: Pelipper\n|-damage|p2a: Electabuzz|13\/100\n|-damage|p2b: Pelipper|58\/100\n|move|p1b: Ursaluna|Headlong Rush|p2a: Electabuzz\n|-supereffective|p2a: Electabuzz\n|-damage|p2a: Electabuzz|0 fnt\n|-unboost|p1b: Ursaluna|def|1\n|-unboost|p1b: Ursaluna|spd|1\n|faint|p2a: Electabuzz\n|\n|-weather|RainDance|[upkeep]\n|-status|p1b: Ursaluna|brn|[from] item: Flame Orb\n|upkeep\n|\n|t:|1733543673\n|switch|p2a: Rillaboom|Rillaboom, L50, F, tera:Ground|100\/100\n|turn|4\n|\n|t:|1733543691\n|switch|p1a: Indeedee|Indeedee-F, L50, F|39\/100\n|-fieldstart|move: Psychic Terrain|[from] ability: Psychic Surge|[of] p1a: Indeedee\n|move|p1b: Ursaluna|Facade|p2a: Rillaboom\n|-damage|p2a: Rillaboom|0 fnt\n|faint|p2a: Rillaboom\n|move|p2b: Pelipper|Muddy Water|p1a: Indeedee|[spread] p1a,p1b\n|-supereffective|p1b: Ursaluna\n|-damage|p1a: Indeedee|0 fnt\n|-damage|p1b: Ursaluna|0 fnt\n|faint|p1a: Indeedee\n|faint|p1b: Ursaluna\n|\n|-weather|RainDance|[upkeep]\n|upkeep\n|\n|t:|1733543701\n|switch|p1a: Torkoal|Torkoal, L50, M, shiny, tera:Fire|100\/100\n|switch|p2a: Basculegion|Basculegion, L50, M|84\/100\n|-weather|SunnyDay|[from] ability: Drought|[of] p1a: Torkoal\n|turn|5\n|\n|t:|1733543710\n|move|p2b: Pelipper|Protect|p2b: Pelipper\n|-singleturn|p2b: Pelipper|Protect\n|move|p1a: Torkoal|Weather Ball|p2a: Basculegion\n|-resisted|p2a: Basculegion\n|-damage|p2a: Basculegion|14\/100\n|move|p2a: Basculegion|Wave Crash|p1a: Torkoal\n|-supereffective|p1a: Torkoal\n|-damage|p1a: Torkoal|29\/100\n|-damage|p2a: Basculegion|0 fnt|[from] Recoil\n|faint|p2a: Basculegion\n|\n|-weather|SunnyDay|[upkeep]\n|-fieldend|move: Trick Room\n|upkeep\n|turn|6\n|\n|t:|1733543718\n|move|p2b: Pelipper|Muddy Water|p1a: Torkoal\n|-supereffective|p1a: Torkoal\n|-damage|p1a: Torkoal|0 fnt\n|faint|p1a: Torkoal\n|\n|win|pcord cypher\n|raw|bigplan47's rating: 1697 &rarr; <strong>1675<\/strong><br \/>(-22 for losing)\n|raw|pcord cypher's rating: 1656 &rarr; <strong>1678<\/strong><br \/>(+22 for winning)\n|c|\u2606pcord cypher|Gg\n|l|\u2606bigplan47\n|player|p1|\n|l|\u2606pcord cypher\n|player|p2|\n|j|\u2606pcord cypher\n|player|p2|pcord cypher|169|\n","uploadtime":1733544045,"views":13,"formatid":"gen9vgc2024regh","rating":1675,"private":0,"password":null}