{"id":"gen9vgc2024regh-2258196037","format":"[Gen 9] VGC 2024 Reg H","players":["pys_max","dex2299"],"log":"|j|\u2606pys_max\n|j|\u203ddex2299\n|t:|1733526523\n|gametype|doubles\n|player|p1|pys_max|101|1736\n|player|p2|dex2299|1|1802\n|teamsize|p1|6\n|teamsize|p2|6\n|gen|9\n|tier|[Gen 9] VGC 2024 Reg H\n|rated|\n|rule|Species Clause: Limit one of each Pok\u00e9mon\n|rule|Item Clause: Limit 1 of each item\n|clearpoke\n|poke|p1|Chandelure, L50, F|\n|poke|p1|Ursaluna-Bloodmoon, L50, M|\n|poke|p1|Sneasler, L50, F|\n|poke|p1|Dragonite, L50, M|\n|poke|p1|Kingambit, L50, F|\n|poke|p1|Archaludon, L50, F|\n|poke|p2|Whimsicott, L50, F|\n|poke|p2|Typhlosion-Hisui, L50, F|\n|poke|p2|Farigiraf, L50, M|\n|poke|p2|Rillaboom, L50, M|\n|poke|p2|Primarina, L50, F|\n|poke|p2|Incineroar, L50, M|\n|teampreview|4\n|inactive|Battle timer is ON: inactive players will automatically lose when time's up. (requested by dex2299)\n|inactive|dex2299 has 60 seconds left.\n|inactive|dex2299 has 30 seconds left.\n|inactive|dex2299 has 20 seconds left.\n|inactive|dex2299 has 15 seconds left.\n|inactive|dex2299 has 10 seconds left.\n|inactive|dex2299 has 5 seconds left.\n|\n|t:|1733526616\n|start\n|switch|p1a: Archaludon|Archaludon, L50, F|100\/100\n|switch|p1b: Sneasler|Sneasler, L50, F|100\/100\n|switch|p2a: Incineroar|Incineroar, L50, M|100\/100\n|switch|p2b: Farigiraf|Farigiraf, L50, M|100\/100\n|-ability|p2a: Incineroar|Intimidate|boost\n|-unboost|p1a: Archaludon|atk|1\n|-unboost|p1b: Sneasler|atk|1\n|turn|1\n|inactive|dex2299 has 30 seconds left.\n|inactive|dex2299 has 20 seconds left.\n|inactive|dex2299 has 15 seconds left.\n|inactive|dex2299 has 10 seconds left.\n|\n|t:|1733526664\n|-terastallize|p2a: Incineroar|Grass\n|move|p2a: Incineroar|Fake Out|p1b: Sneasler\n|-damage|p1b: Sneasler|83\/100\n|cant|p1b: Sneasler|flinch\n|move|p1a: Archaludon|Electro Shot||[still]\n|-prepare|p1a: Archaludon|Electro Shot\n|-boost|p1a: Archaludon|spa|1\n|-enditem|p1a: Archaludon|Power Herb\n|-anim|p1a: Archaludon|Electro Shot|p2b: Farigiraf\n|-damage|p2b: Farigiraf|45\/100\n|-enditem|p2b: Farigiraf|Sitrus Berry|[eat]\n|-heal|p2b: Farigiraf|70\/100|[from] item: Sitrus Berry\n|move|p2b: Farigiraf|Psychic|p1b: Sneasler\n|-supereffective|p1b: Sneasler\n|-damage|p1b: Sneasler|0 fnt\n|faint|p1b: Sneasler\n|\n|upkeep\n|\n|t:|1733526679\n|switch|p1b: Chandelure|Chandelure, L50, F|100\/100\n|turn|2\n|inactive|dex2299 has 30 seconds left.\n|\n|t:|1733526706\n|switch|p2a: Typhlosion|Typhlosion-Hisui, L50, F|100\/100\n|-terastallize|p1b: Chandelure|Grass\n|move|p1a: Archaludon|Flash Cannon|p2b: Farigiraf\n|-damage|p2b: Farigiraf|16\/100\n|move|p2b: Farigiraf|Psychic|p1a: Archaludon\n|-resisted|p1a: Archaludon\n|-damage|p1a: Archaludon|73\/100\n|-ability|p1a: Archaludon|Stamina|boost\n|-boost|p1a: Archaludon|def|1\n|move|p1b: Chandelure|Overheat|p2a: Typhlosion\n|-resisted|p2a: Typhlosion\n|-damage|p2a: Typhlosion|50\/100\n|-unboost|p1b: Chandelure|spa|2\n|\n|upkeep\n|turn|3\n|inactive|dex2299 has 30 seconds left.\n|\n|t:|1733526736\n|move|p2b: Farigiraf|Helping Hand|p2a: Typhlosion\n|-singleturn|p2a: Typhlosion|Helping Hand|[of] p2b: Farigiraf\n|move|p2a: Typhlosion|Shadow Ball|p1a: Archaludon\n|-damage|p1a: Archaludon|0 fnt\n|faint|p1a: Archaludon\n|move|p1b: Chandelure|Trick Room|p1b: Chandelure\n|-fieldstart|move: Trick Room|[of] p1b: Chandelure\n|\n|upkeep\n|\n|t:|1733526742\n|switch|p1a: Ursaluna|Ursaluna-Bloodmoon, L50, M|100\/100\n|turn|4\n|\n|t:|1733526754\n|move|p1a: Ursaluna|Hyper Voice|p2a: Typhlosion|[spread] p2a,p2b\n|-damage|p2a: Typhlosion|0 fnt\n|-damage|p2b: Farigiraf|0 fnt\n|faint|p2a: Typhlosion\n|faint|p2b: Farigiraf\n|move|p1b: Chandelure|Shadow Ball|p2: Typhlosion|[notarget]\n|-fail|p1b: Chandelure\n|\n|upkeep\n|\n|t:|1733526762\n|switch|p2b: Incineroar|Incineroar, L50, M, tera:Grass|100\/100\n|switch|p2a: Primarina|Primarina, L50, F|100\/100\n|-ability|p2b: Incineroar|Intimidate|boost\n|-unboost|p1a: Ursaluna|atk|1\n|-unboost|p1b: Chandelure|atk|1\n|turn|5\n|\n|t:|1733526778\n|move|p2b: Incineroar|Fake Out|p1a: Ursaluna\n|-damage|p1a: Ursaluna|93\/100\n|cant|p1a: Ursaluna|flinch\n|move|p1b: Chandelure|Shadow Ball|p2a: Primarina\n|-damage|p2a: Primarina|83\/100\n|move|p2a: Primarina|Hyper Voice|p1b: Chandelure|[spread] p1a,p1b\n|-supereffective|p1a: Ursaluna\n|-resisted|p1b: Chandelure\n|-damage|p1a: Ursaluna|20\/100\n|-damage|p1b: Chandelure|70\/100\n|-damage|p2a: Primarina|73\/100|[from] item: Life Orb\n|\n|upkeep\n|turn|6\n|inactive|pys_max has 30 seconds left.\n|\n|t:|1733526804\n|move|p1a: Ursaluna|Hyper Voice|p2a: Primarina|[spread] p2a,p2b\n|-damage|p2a: Primarina|40\/100\n|-damage|p2b: Incineroar|66\/100\n|move|p1b: Chandelure|Overheat|p2b: Incineroar\n|-supereffective|p2b: Incineroar\n|-damage|p2b: Incineroar|3\/100\n|-unboost|p1b: Chandelure|spa|2\n|move|p2b: Incineroar|Knock Off|p1a: Ursaluna\n|-damage|p1a: Ursaluna|0 fnt\n|-enditem|p1a: Ursaluna|Assault Vest|[from] move: Knock Off|[of] p2b: Incineroar\n|faint|p1a: Ursaluna\n|move|p2a: Primarina|Hyper Voice|p1b: Chandelure\n|-resisted|p1b: Chandelure\n|-damage|p1b: Chandelure|35\/100\n|-enditem|p1b: Chandelure|Sitrus Berry|[eat]\n|-heal|p1b: Chandelure|60\/100|[from] item: Sitrus Berry\n|-damage|p2a: Primarina|31\/100|[from] item: Life Orb\n|\n|upkeep\n|turn|7\n|\n|t:|1733526825\n|move|p1b: Chandelure|Shadow Ball|p2a: Primarina\n|-damage|p2a: Primarina|18\/100\n|move|p2a: Primarina|Moonblast|p1b: Chandelure\n|-damage|p1b: Chandelure|0 fnt\n|faint|p1b: Chandelure\n|-damage|p2a: Primarina|8\/100|[from] item: Life Orb\n|\n|win|dex2299\n|raw|pys_max's rating: 1736 &rarr; <strong>1720<\/strong><br \/>(-16 for losing)\n|raw|dex2299's rating: 1802 &rarr; <strong>1818<\/strong><br \/>(+16 for winning)\n|l|\u2606pys_max\n|player|p1|\n|l|\u203ddex2299\n|player|p2|\n","uploadtime":1733526983,"views":12,"formatid":"gen9vgc2024regh","rating":1720,"private":0,"password":null}