{"id":"gen9vgc2024regh-2258243201","format":"[Gen 9] VGC 2024 Reg H","players":["Azure-Saffron","chiitancrazymascot"],"log":"|j|\u2606Azure-Saffron\n|j|\u2606chiitancrazymascot\n|t:|1733532897\n|gametype|doubles\n|player|p1|Azure-Saffron|sabrina-masters|1718\n|player|p2|chiitancrazymascot|pokemaniac|1860\n|teamsize|p1|6\n|teamsize|p2|6\n|gen|9\n|tier|[Gen 9] VGC 2024 Reg H\n|rated|\n|rule|Species Clause: Limit one of each Pok\u00e9mon\n|rule|Item Clause: Limit 1 of each item\n|clearpoke\n|poke|p1|Dragonite, L50, F|\n|poke|p1|Delphox, L50, F|\n|poke|p1|Kingambit, L50, F|\n|poke|p1|Basculegion-F, L50, F|\n|poke|p1|Indeedee, L50, M|\n|poke|p1|Sneasler, L50, F|\n|poke|p2|Annihilape, L50, M|\n|poke|p2|Dondozo, L50, F|\n|poke|p2|Maushold-Four, L50|\n|poke|p2|Gholdengo, L50|\n|poke|p2|Whimsicott, L50, F|\n|poke|p2|Tatsugiri, L50, M|\n|teampreview|4\n|inactive|Battle timer is ON: inactive players will automatically lose when time's up. (requested by chiitancrazymascot)\n|inactive|Azure-Saffron also wants the timer to be on.\n|inactive|Azure-Saffron has 60 seconds left.\n|inactive|chiitancrazymascot has 60 seconds left.\n|inactive|Azure-Saffron has 30 seconds left.\n|inactive|Azure-Saffron has 20 seconds left.\n|\n|t:|1733532971\n|start\n|switch|p1a: Indeedee|Indeedee, L50, M|100\/100\n|switch|p1b: Sneasler|Sneasler, L50, F|100\/100\n|switch|p2a: Maushold|Maushold-Four, L50|100\/100\n|switch|p2b: Annihilape|Annihilape, L50, M, shiny|100\/100\n|-fieldstart|move: Psychic Terrain|[from] ability: Psychic Surge|[of] p1a: Indeedee\n|-enditem|p1b: Sneasler|Psychic Seed\n|-boost|p1b: Sneasler|spd|1|[from] item: Psychic Seed\n|turn|1\n|\n|t:|1733532990\n|-terastallize|p2b: Annihilape|Fire\n|move|p1b: Sneasler|Close Combat|p2a: Maushold\n|-supereffective|p2a: Maushold\n|-enditem|p2a: Maushold|Focus Sash\n|-damage|p2a: Maushold|1\/100\n|-unboost|p1b: Sneasler|def|1\n|-unboost|p1b: Sneasler|spd|1\n|move|p2a: Maushold|Beat Up|p2b: Annihilape\n|-damage|p2b: Annihilape|99\/100\n|-damage|p2b: Annihilape|96\/100\n|-damage|p2b: Annihilape|94\/100\n|-damage|p2b: Annihilape|92\/100\n|-hitcount|p2b: Annihilape|4\n|move|p1a: Indeedee|Expanding Force|p2b: Annihilape|[spread] p2a,p2b\n|-crit|p2a: Maushold\n|-damage|p2a: Maushold|0 fnt\n|-damage|p2b: Annihilape|61\/100\n|faint|p2a: Maushold\n|move|p2b: Annihilape|Rage Fist|p1b: Sneasler\n|-damage|p1b: Sneasler|0 fnt\n|faint|p1b: Sneasler\n|\n|upkeep\n|\n|t:|1733533009\n|switch|p1b: Basculegion|Basculegion-F, L50, F|100\/100\n|switch|p2a: Dondozo|Dondozo, L50, F, shiny|100\/100\n|turn|2\n|\n|t:|1733533034\n|switch|p2b: Tatsugiri|Tatsugiri, L50, M, shiny|100\/100\n|-activate|p2b: Tatsugiri|ability: Commander|[of] p2a: Dondozo\n|-boost|p2a: Dondozo|atk|2\n|-boost|p2a: Dondozo|spa|2\n|-boost|p2a: Dondozo|spe|2\n|-boost|p2a: Dondozo|def|2\n|-boost|p2a: Dondozo|spd|2\n|move|p1b: Basculegion|Muddy Water|p2b: Tatsugiri|[spread] p2a\n|-miss|p1b: Basculegion|p2b: Tatsugiri\n|-resisted|p2a: Dondozo\n|-damage|p2a: Dondozo|89\/100\n|move|p2a: Dondozo|Order Up|p1a: Indeedee\n|-enditem|p1a: Indeedee|Focus Sash\n|-damage|p1a: Indeedee|1\/100\n|-boost|p2a: Dondozo|atk|1\n|move|p1a: Indeedee|Expanding Force|p2a: Dondozo|[spread] p2a\n|-miss|p1a: Indeedee|p2b: Tatsugiri\n|-damage|p2a: Dondozo|58\/100\n|\n|-heal|p2a: Dondozo|64\/100|[from] item: Leftovers\n|upkeep\n|turn|3\n|inactive|chiitancrazymascot has 30 seconds left.\n|inactive|chiitancrazymascot has 20 seconds left.\n|inactive|chiitancrazymascot has 15 seconds left.\n|\n|t:|1733533075\n|move|p1b: Basculegion|Muddy Water|p2a: Dondozo|[spread] \n|-miss|p1b: Basculegion|p2b: Tatsugiri\n|-miss|p1b: Basculegion|p2a: Dondozo\n|move|p2a: Dondozo|Order Up|p1b: Basculegion\n|-crit|p1b: Basculegion\n|-damage|p1b: Basculegion|0 fnt\n|faint|p1b: Basculegion\n|-boost|p2a: Dondozo|atk|1\n|move|p1a: Indeedee|Expanding Force|p2b: Tatsugiri|[spread] p2a\n|-miss|p1a: Indeedee|p2b: Tatsugiri\n|-damage|p2a: Dondozo|35\/100\n|\n|-heal|p2a: Dondozo|41\/100|[from] item: Leftovers\n|upkeep\n|\n|t:|1733533082\n|switch|p1b: Dragonite|Dragonite, L50, F|100\/100\n|turn|4\n|\n|t:|1733533094\n|-terastallize|p1b: Dragonite|Fairy\n|move|p2a: Dondozo|Order Up|p1a: Indeedee\n|-damage|p1a: Indeedee|0 fnt\n|faint|p1a: Indeedee\n|-boost|p2a: Dondozo|atk|1\n|move|p1b: Dragonite|Haze|p1b: Dragonite\n|-clearallboost\n|\n|-heal|p2a: Dondozo|48\/100|[from] item: Leftovers\n|upkeep\n|turn|5\n|\n|t:|1733533101\n|move|p2a: Dondozo|Protect|p2a: Dondozo\n|-singleturn|p2a: Dondozo|Protect\n|move|p1b: Dragonite|Scale Shot|p2a: Dondozo\n|-activate|p2a: Dondozo|move: Protect\n|\n|-heal|p2a: Dondozo|54\/100|[from] item: Leftovers\n|-fieldend|move: Psychic Terrain\n|upkeep\n|turn|6\n|\n|t:|1733533111\n|move|p1b: Dragonite|Scale Shot|p2a: Dondozo\n|-damage|p2a: Dondozo|43\/100\n|-damage|p2a: Dondozo|33\/100\n|-damage|p2a: Dondozo|24\/100\n|-damage|p2a: Dondozo|14\/100\n|-damage|p2a: Dondozo|3\/100\n|-hitcount|p2a: Dondozo|5\n|-unboost|p1b: Dragonite|def|1\n|-boost|p1b: Dragonite|spe|1\n|move|p2a: Dondozo|Wave Crash|p1b: Dragonite\n|-damage|p1b: Dragonite|70\/100\n|-damage|p2a: Dondozo|0 fnt|[from] Recoil\n|faint|p2a: Dondozo\n|\n|upkeep\n|inactive|chiitancrazymascot has 30 seconds left.\n|\n|t:|1733533139\n|switch|p2a: Annihilape|Annihilape, L50, M, shiny, tera:Fire|61\/100\n|turn|7\n|\n|t:|1733533148\n|move|p1b: Dragonite|Protect|p1b: Dragonite\n|-singleturn|p1b: Dragonite|Protect\n|move|p2b: Tatsugiri|Icy Wind|p1b: Dragonite\n|-activate|p1b: Dragonite|move: Protect\n|move|p2a: Annihilape|Rage Fist|p1b: Dragonite\n|-activate|p1b: Dragonite|move: Protect\n|\n|upkeep\n|turn|8\n|\n|t:|1733533155\n|move|p2b: Tatsugiri|Icy Wind|p1b: Dragonite\n|-damage|p1b: Dragonite|52\/100\n|-unboost|p1b: Dragonite|spe|1\n|move|p1b: Dragonite|Scale Shot|p2a: Annihilape\n|-damage|p2a: Annihilape|45\/100\n|-enditem|p2a: Annihilape|Sitrus Berry|[eat]\n|-heal|p2a: Annihilape|70\/100|[from] item: Sitrus Berry\n|-damage|p2a: Annihilape|56\/100\n|-damage|p2a: Annihilape|39\/100\n|-damage|p2a: Annihilape|24\/100\n|-damage|p2a: Annihilape|8\/100\n|-hitcount|p2a: Annihilape|5\n|-unboost|p1b: Dragonite|def|1\n|-boost|p1b: Dragonite|spe|1\n|move|p2a: Annihilape|Rage Fist|p1b: Dragonite\n|-damage|p1b: Dragonite|0 fnt\n|faint|p1b: Dragonite\n|\n|win|chiitancrazymascot\n|raw|Azure-Saffron's rating: 1718 &rarr; <strong>1706<\/strong><br \/>(-12 for losing)\n|raw|chiitancrazymascot's rating: 1860 &rarr; <strong>1872<\/strong><br \/>(+12 for winning)\n|l|\u2606Azure-Saffron\n|player|p1|\n","uploadtime":1733533168,"views":17,"formatid":"gen9vgc2024regh","rating":1706,"private":0,"password":null}