{"id":"gen9vgc2024regh-2259108050","format":"[Gen 9] VGC 2024 Reg H","players":["SeaWolfMikess","Azure-Saffron"],"log":"|j|\u2606SeaWolfMikess\n|j|\u2606Azure-Saffron\n|t:|1733672859\n|gametype|doubles\n|player|p1|SeaWolfMikess|hugh|1726\n|player|p2|Azure-Saffron|sabrina-masters|1701\n|teamsize|p1|6\n|teamsize|p2|6\n|gen|9\n|tier|[Gen 9] VGC 2024 Reg H\n|rated|\n|rule|Species Clause: Limit one of each Pok\u00e9mon\n|rule|Item Clause: Limit 1 of each item\n|clearpoke\n|poke|p1|Pelipper, L50, M|\n|poke|p1|Archaludon, L50, M|\n|poke|p1|Rillaboom, L50, F|\n|poke|p1|Sneasler, L50, F|\n|poke|p1|Incineroar, L50, M|\n|poke|p1|Gholdengo, L50|\n|poke|p2|Dragonite, L50, F|\n|poke|p2|Toedscruel, L50, F|\n|poke|p2|Delphox, L50, F|\n|poke|p2|Weezing-Galar, L50, F|\n|poke|p2|Basculegion-F, L50, F|\n|poke|p2|Indeedee, L50, M|\n|teampreview|4\n|inactive|Battle timer is ON: inactive players will automatically lose when time's up. (requested by Azure-Saffron)\n|inactive|Azure-Saffron has 60 seconds left.\n|\n|t:|1733672902\n|start\n|switch|p1a: Rillaboom|Rillaboom, L50, F|100\/100\n|switch|p1b: Sneasler|Sneasler, L50, F|100\/100\n|switch|p2a: Toedscruel|Toedscruel, L50, F|100\/100\n|switch|p2b: Weezing|Weezing-Galar, L50, F|100\/100\n|-ability|p2b: Weezing|Neutralizing Gas\n|turn|1\n|\n|t:|1733672918\n|move|p1b: Sneasler|Protect|p1b: Sneasler\n|-singleturn|p1b: Sneasler|Protect\n|move|p2a: Toedscruel|Acid Spray|p1b: Sneasler\n|-activate|p1b: Sneasler|move: Protect\n|move|p1a: Rillaboom|Wood Hammer|p2a: Toedscruel\n|-damage|p2a: Toedscruel|15\/100\n|-damage|p1a: Rillaboom|75\/100|[from] Recoil\n|move|p2b: Weezing|Dazzling Gleam|p1a: Rillaboom|[spread] p1a\n|-activate|p1b: Sneasler|move: Protect\n|-damage|p1a: Rillaboom|51\/100\n|\n|upkeep\n|turn|2\n|\n|t:|1733672930\n|move|p2a: Toedscruel|Rage Powder|p2a: Toedscruel\n|-singleturn|p2a: Toedscruel|move: Rage Powder\n|move|p1b: Sneasler|Dire Claw|p2a: Toedscruel\n|-damage|p2a: Toedscruel|0 fnt\n|faint|p2a: Toedscruel\n|move|p1a: Rillaboom|High Horsepower|p2b: Weezing\n|-supereffective|p2b: Weezing\n|-damage|p2b: Weezing|48\/100\n|move|p2b: Weezing|Dazzling Gleam|p1b: Sneasler|[spread] p1a,p1b\n|-damage|p1a: Rillaboom|25\/100\n|-damage|p1b: Sneasler|42\/100\n|\n|upkeep\n|\n|t:|1733672937\n|switch|p2a: Delphox|Delphox, L50, F|100\/100\n|turn|3\n|\n|t:|1733672952\n|-terastallize|p1b: Sneasler|Dark\n|move|p1b: Sneasler|Throat Chop|p2a: Delphox\n|-supereffective|p2a: Delphox\n|-damage|p2a: Delphox|0 fnt\n|faint|p2a: Delphox\n|move|p1a: Rillaboom|High Horsepower|p2b: Weezing|[miss]\n|-miss|p1a: Rillaboom|p2b: Weezing\n|move|p2b: Weezing|Dazzling Gleam|p1a: Rillaboom|[spread] p1a,p1b\n|-supereffective|p1b: Sneasler\n|-damage|p1a: Rillaboom|0 fnt\n|-damage|p1b: Sneasler|0 fnt\n|faint|p1a: Rillaboom\n|faint|p1b: Sneasler\n|\n|upkeep\n|\n|t:|1733672960\n|switch|p1b: Incineroar|Incineroar, L50, M|100\/100\n|switch|p2a: Indeedee|Indeedee, L50, M|100\/100\n|switch|p1a: Archaludon|Archaludon, L50, M|100\/100\n|turn|4\n|inactive|Azure-Saffron has 30 seconds left.\n|inactive|Azure-Saffron has 20 seconds left.\n|inactive|Azure-Saffron has 15 seconds left.\n|\n|t:|1733673001\n|-terastallize|p2b: Weezing|Fire\n|move|p2a: Indeedee|Tera Blast|p1b: Incineroar\n|-damage|p1b: Incineroar|70\/100\n|move|p1a: Archaludon|Flash Cannon|p2b: Weezing\n|-resisted|p2b: Weezing\n|-damage|p2b: Weezing|19\/100\n|move|p1b: Incineroar|Knock Off|p2a: Indeedee\n|-supereffective|p2a: Indeedee\n|-enditem|p2a: Indeedee|Focus Sash\n|-damage|p2a: Indeedee|1\/100\n|move|p2b: Weezing|Dazzling Gleam|p1b: Incineroar|[spread] p1a,p1b\n|-damage|p1a: Archaludon|41\/100\n|-damage|p1b: Incineroar|36\/100\n|\n|upkeep\n|turn|5\n|\n|t:|1733673020\n|move|p2a: Indeedee|Tera Blast|p1b: Incineroar\n|-damage|p1b: Incineroar|3\/100\n|move|p1a: Archaludon|Dragon Pulse|p2b: Weezing\n|-crit|p2b: Weezing\n|-damage|p2b: Weezing|0 fnt\n|faint|p2b: Weezing\n|-end|p2b: Weezing|ability: Neutralizing Gas\n|-fieldstart|move: Psychic Terrain|[from] ability: Psychic Surge|[of] p2a: Indeedee\n|-ability|p1b: Incineroar|Intimidate|boost\n|-unboost|p2a: Indeedee|atk|1\n|move|p1b: Incineroar|Knock Off|p2a: Indeedee\n|-supereffective|p2a: Indeedee\n|-damage|p2a: Indeedee|0 fnt\n|faint|p2a: Indeedee\n|\n|win|SeaWolfMikess\n|raw|SeaWolfMikess's rating: 1726 &rarr; <strong>1745<\/strong><br \/>(+19 for winning)\n|raw|Azure-Saffron's rating: 1701 &rarr; <strong>1682<\/strong><br \/>(-19 for losing)\n|l|\u2606Azure-Saffron\n|player|p2|\n|l|\u2606SeaWolfMikess\n|player|p1|\n","uploadtime":1733673246,"views":32,"formatid":"gen9vgc2024regh","rating":1682,"private":0,"password":null}