{"id":"gen9vgc2024regh-2259201197","format":"[Gen 9] VGC 2024 Reg H","players":["chin8","dex2299"],"log":"|j|\u2606chin8\n|j|\u203ddex2299\n|t:|1733684604\n|gametype|doubles\n|player|p1|chin8|gentleman-gen4dp|1769\n|player|p2|dex2299|169|1804\n|teamsize|p1|6\n|teamsize|p2|6\n|gen|9\n|tier|[Gen 9] VGC 2024 Reg H\n|rated|\n|rule|Species Clause: Limit one of each Pok\u00e9mon\n|rule|Item Clause: Limit 1 of each item\n|clearpoke\n|poke|p1|Baxcalibur, L50, M|\n|poke|p1|Kilowattrel, L50, F|\n|poke|p1|Granbull, L50, M|\n|poke|p1|Gardevoir, L50, F|\n|poke|p1|Magmortar, L50, F|\n|poke|p1|Gholdengo, L50|\n|poke|p2|Whimsicott, L50, M|\n|poke|p2|Typhlosion-Hisui, L50, F|\n|poke|p2|Farigiraf, L50, M|\n|poke|p2|Rillaboom, L50, F|\n|poke|p2|Primarina, L50, F|\n|poke|p2|Incineroar, L50, M|\n|teampreview|4\n|\n|t:|1733684636\n|start\n|switch|p1a: Kilowattrel|Kilowattrel, L50, F|100\/100\n|switch|p1b: Baxcalibur|Baxcalibur, L50, M|100\/100\n|switch|p2a: Farigiraf|Farigiraf, L50, M|100\/100\n|switch|p2b: Primarina|Primarina, L50, F|100\/100\n|turn|1\n|inactive|Battle timer is ON: inactive players will automatically lose when time's up. (requested by dex2299)\n|inactive|chin8 also wants the timer to be on.\n|inactive|chin8 has 60 seconds left.\n|inactive|dex2299 has 60 seconds left.\n|\n|t:|1733684680\n|-terastallize|p2b: Primarina|Grass\n|move|p1a: Kilowattrel|Thunderbolt|p2b: Primarina\n|-resisted|p2b: Primarina\n|-damage|p2b: Primarina|83\/100\n|move|p1b: Baxcalibur|Earthquake|p2b: Primarina|[spread] p2a,p2b\n|-immune|p1a: Kilowattrel\n|-resisted|p2b: Primarina\n|-damage|p2a: Farigiraf|72\/100\n|-damage|p2b: Primarina|64\/100\n|move|p2b: Primarina|Hyper Voice|p1a: Kilowattrel|[spread] p1a,p1b\n|-resisted|p1b: Baxcalibur\n|-damage|p1a: Kilowattrel|7\/100\n|-damage|p1b: Baxcalibur|89\/100\n|-damage|p2b: Primarina|54\/100|[from] item: Life Orb\n|move|p2a: Farigiraf|Trick Room|p2a: Farigiraf\n|-fieldstart|move: Trick Room|[of] p2a: Farigiraf\n|\n|upkeep\n|turn|2\n|\n|t:|1733684699\n|move|p2a: Farigiraf|Hyper Voice|p1b: Baxcalibur|[spread] p1a,p1b\n|-damage|p1a: Kilowattrel|0 fnt\n|-damage|p1b: Baxcalibur|74\/100\n|faint|p1a: Kilowattrel\n|move|p2b: Primarina|Moonblast|p1b: Baxcalibur\n|-supereffective|p1b: Baxcalibur\n|-damage|p1b: Baxcalibur|3\/100\n|-damage|p2b: Primarina|44\/100|[from] item: Life Orb\n|move|p1b: Baxcalibur|Icicle Crash|p2b: Primarina\n|-supereffective|p2b: Primarina\n|-damage|p2b: Primarina|0 fnt\n|faint|p2b: Primarina\n|\n|upkeep\n|\n|t:|1733684711\n|switch|p2b: Incineroar|Incineroar, L50, M|100\/100\n|switch|p1a: Gholdengo|Gholdengo, L50|100\/100\n|-ability|p2b: Incineroar|Intimidate|boost\n|-unboost|p1a: Gholdengo|atk|1\n|-unboost|p1b: Baxcalibur|atk|1\n|turn|3\n|\n|t:|1733684723\n|switch|p1b: Magmortar|Magmortar, L50, F|100\/100\n|move|p1a: Gholdengo|Protect|p1a: Gholdengo\n|-singleturn|p1a: Gholdengo|Protect\n|move|p2a: Farigiraf|Hyper Voice|p1a: Gholdengo|[spread] p1b\n|-activate|p1a: Gholdengo|move: Protect\n|-damage|p1b: Magmortar|77\/100\n|move|p2b: Incineroar|Knock Off|p1a: Gholdengo\n|-activate|p1a: Gholdengo|move: Protect\n|\n|upkeep\n|turn|4\n|inactive|chin8 has 30 seconds left.\n|\n|t:|1733684754\n|move|p1b: Magmortar|Follow Me|p1b: Magmortar\n|-singleturn|p1b: Magmortar|move: Follow Me\n|move|p2a: Farigiraf|Psychic|p1b: Magmortar\n|-damage|p1b: Magmortar|41\/100\n|-enditem|p1b: Magmortar|Sitrus Berry|[eat]\n|-heal|p1b: Magmortar|65\/100|[from] item: Sitrus Berry\n|move|p2b: Incineroar|Knock Off|p1b: Magmortar\n|-damage|p1b: Magmortar|39\/100\n|move|p1a: Gholdengo|Nasty Plot|p1a: Gholdengo\n|-boost|p1a: Gholdengo|spa|2\n|\n|upkeep\n|turn|5\n|inactive|chin8 has 30 seconds left.\n|inactive|dex2299 has 30 seconds left.\n|inactive|dex2299 has 20 seconds left.\n|inactive|dex2299 has 15 seconds left.\n|inactive|dex2299 has 10 seconds left.\n|\n|t:|1733684800\n|move|p1b: Magmortar|Follow Me|p1b: Magmortar\n|-singleturn|p1b: Magmortar|move: Follow Me\n|move|p2a: Farigiraf|Psychic|p1b: Magmortar\n|-damage|p1b: Magmortar|2\/100\n|move|p2b: Incineroar|Parting Shot|p1b: Magmortar\n|-unboost|p1b: Magmortar|atk|1\n|-unboost|p1b: Magmortar|spa|1\n|\n|t:|1733684806\n|switch|p2b: Rillaboom|Rillaboom, L50, F|100\/100|[from] Parting Shot\n|-fieldstart|move: Grassy Terrain|[from] ability: Grassy Surge|[of] p2b: Rillaboom\n|move|p1a: Gholdengo|Nasty Plot|p1a: Gholdengo\n|-boost|p1a: Gholdengo|spa|2\n|\n|-heal|p2a: Farigiraf|78\/100|[from] Grassy Terrain\n|-heal|p1b: Magmortar|8\/100|[from] Grassy Terrain\n|-fieldend|move: Trick Room\n|upkeep\n|turn|6\n|\n|t:|1733684827\n|move|p1b: Magmortar|Protect|p1b: Magmortar\n|-singleturn|p1b: Magmortar|Protect\n|move|p2b: Rillaboom|Fake Out|p1b: Magmortar\n|-activate|p1b: Magmortar|move: Protect\n|move|p1a: Gholdengo|Make It Rain|p2b: Rillaboom|[spread] p2a,p2b\n|-damage|p2a: Farigiraf|0 fnt\n|-damage|p2b: Rillaboom|7\/100\n|-unboost|p1a: Gholdengo|spa|1\n|faint|p2a: Farigiraf\n|\n|-heal|p2b: Rillaboom|13\/100|[from] Grassy Terrain\n|-heal|p1b: Magmortar|14\/100|[from] Grassy Terrain\n|upkeep\n|-message|dex2299 forfeited.\n|\n|win|chin8\n|raw|chin8's rating: 1769 &rarr; <strong>1791<\/strong><br \/>(+22 for winning)\n|raw|dex2299's rating: 1804 &rarr; <strong>1782<\/strong><br \/>(-22 for losing)\n|l|\u203ddex2299\n|player|p2|\n|l|\u2606chin8\n|player|p1|\n","uploadtime":1733685031,"views":28,"formatid":"gen9vgc2024regh","rating":1782,"private":0,"password":null}