{"id":"gen9vgc2024regh-2259311215","format":"[Gen 9] VGC 2024 Reg H","players":["mlm2016","chiitancrazymascot"],"log":"|j|\u2606mlm2016\n|j|\u2606chiitancrazymascot\n|t:|1733697755\n|gametype|doubles\n|player|p1|mlm2016|juggler|1653\n|player|p2|chiitancrazymascot|pokemaniac|1857\n|teamsize|p1|6\n|teamsize|p2|6\n|gen|9\n|tier|[Gen 9] VGC 2024 Reg H\n|rated|\n|rule|Species Clause: Limit one of each Pok\u00e9mon\n|rule|Item Clause: Limit 1 of each item\n|clearpoke\n|poke|p1|Gholdengo, L50|\n|poke|p1|Dragonite, L50, F|\n|poke|p1|Sneasler, L50, F|\n|poke|p1|Rillaboom, L50, M|\n|poke|p1|Basculegion, L50, M|\n|poke|p1|Kingambit, L50, M|\n|poke|p2|Annihilape, L50, F|\n|poke|p2|Dondozo, L50, M|\n|poke|p2|Maushold-Four, L50|\n|poke|p2|Gholdengo, L50|\n|poke|p2|Whimsicott, L50, F|\n|poke|p2|Tatsugiri, L50, M|\n|teampreview|4\n|inactive|Battle timer is ON: inactive players will automatically lose when time's up. (requested by mlm2016)\n|inactive|chiitancrazymascot also wants the timer to be on.\n|inactive|mlm2016 has 60 seconds left.\n|\n|t:|1733697797\n|start\n|switch|p1a: sorry in advance|Sneasler, L50, F|100\/100\n|switch|p1b: Rillaboom|Rillaboom, L50, M|100\/100\n|switch|p2a: Maushold|Maushold-Four, L50|100\/100\n|switch|p2b: Annihilape|Annihilape, L50, F, shiny|100\/100\n|-fieldstart|move: Grassy Terrain|[from] ability: Grassy Surge|[of] p1b: Rillaboom\n|-enditem|p1a: sorry in advance|Grassy Seed\n|-boost|p1a: sorry in advance|def|1|[from] item: Grassy Seed\n|turn|1\n|inactive|chiitancrazymascot has 30 seconds left.\n|inactive|chiitancrazymascot has 20 seconds left.\n|\n|t:|1733697832\n|-terastallize|p2a: Maushold|Ghost\n|move|p1b: Rillaboom|Fake Out|p2a: Maushold\n|-immune|p2a: Maushold\n|move|p1a: sorry in advance|Coaching|p1b: Rillaboom\n|-boost|p1b: Rillaboom|atk|1\n|-boost|p1b: Rillaboom|def|1\n|move|p2a: Maushold|Beat Up|p2b: Annihilape\n|-damage|p2b: Annihilape|99\/100\n|-damage|p2b: Annihilape|96\/100\n|-damage|p2b: Annihilape|94\/100\n|-damage|p2b: Annihilape|92\/100\n|-hitcount|p2b: Annihilape|4\n|move|p2b: Annihilape|Rage Fist|p1b: Rillaboom\n|-damage|p1b: Rillaboom|33\/100\n|\n|-heal|p2b: Annihilape|98\/100|[from] Grassy Terrain\n|-heal|p1b: Rillaboom|39\/100|[from] Grassy Terrain\n|upkeep\n|turn|2\n|inactive|mlm2016 has 30 seconds left.\n|inactive|mlm2016 has 20 seconds left.\n|inactive|mlm2016 has 15 seconds left.\n|\n|t:|1733697874\n|move|p2a: Maushold|Protect|p2a: Maushold\n|-singleturn|p2a: Maushold|Protect\n|move|p1b: Rillaboom|Grassy Glide|p2b: Annihilape\n|-damage|p2b: Annihilape|48\/100\n|-enditem|p2b: Annihilape|Sitrus Berry|[eat]\n|-heal|p2b: Annihilape|73\/100|[from] item: Sitrus Berry\n|move|p1a: sorry in advance|Dire Claw|p2b: Annihilape\n|-resisted|p2b: Annihilape\n|-damage|p2b: Annihilape|56\/100\n|move|p2b: Annihilape|Rage Fist|p1b: Rillaboom\n|-damage|p1b: Rillaboom|0 fnt\n|faint|p1b: Rillaboom\n|\n|-heal|p2b: Annihilape|62\/100|[from] Grassy Terrain\n|upkeep\n|\n|t:|1733697896\n|switch|p1b: Pirahna 3D|Basculegion, L50, M|100\/100\n|turn|3\n|\n|t:|1733697914\n|move|p2a: Maushold|Follow Me|p2a: Maushold\n|-singleturn|p2a: Maushold|move: Follow Me\n|move|p1a: sorry in advance|Dire Claw|p2a: Maushold\n|-resisted|p2a: Maushold\n|-damage|p2a: Maushold|72\/100\n|-status|p2a: Maushold|psn\n|move|p1b: Pirahna 3D|Flip Turn|p2a: Maushold\n|-damage|p2a: Maushold|20\/100 psn\n|\n|t:|1733697922\n|switch|p1b: Dragonite|Dragonite, L50, F|100\/100|[from] Flip Turn\n|move|p2b: Annihilape|Rage Fist|p1b: Dragonite\n|-damage|p1b: Dragonite|21\/100\n|\n|-heal|p2a: Maushold|26\/100 psn|[from] Grassy Terrain\n|-heal|p2b: Annihilape|68\/100|[from] Grassy Terrain\n|-damage|p2a: Maushold|14\/100 psn|[from] psn\n|upkeep\n|turn|4\n|inactive|mlm2016 has 30 seconds left.\n|\n|t:|1733697949\n|move|p1a: sorry in advance|Dire Claw|p2a: Maushold\n|-resisted|p2a: Maushold\n|-damage|p2a: Maushold|0 fnt\n|faint|p2a: Maushold\n|move|p1b: Dragonite|Scale Shot|p2b: Annihilape\n|-damage|p2b: Annihilape|53\/100\n|-damage|p2b: Annihilape|39\/100\n|-damage|p2b: Annihilape|25\/100\n|-damage|p2b: Annihilape|11\/100\n|-damage|p2b: Annihilape|0 fnt\n|faint|p2b: Annihilape\n|-hitcount|p2: Annihilape|5\n|-unboost|p1b: Dragonite|def|1\n|-boost|p1b: Dragonite|spe|1\n|\n|upkeep\n|\n|t:|1733697955\n|switch|p2a: Dondozo|Dondozo, L50, M, shiny|100\/100\n|switch|p2b: Tatsugiri|Tatsugiri, L50, M, shiny|100\/100\n|-activate|p2b: Tatsugiri|ability: Commander|[of] p2a: Dondozo\n|-boost|p2a: Dondozo|atk|2\n|-boost|p2a: Dondozo|spa|2\n|-boost|p2a: Dondozo|spe|2\n|-boost|p2a: Dondozo|def|2\n|-boost|p2a: Dondozo|spd|2\n|turn|5\n|inactive|mlm2016 has 30 seconds left.\n|inactive|mlm2016 has 20 seconds left.\n|\n|t:|1733697992\n|move|p1a: sorry in advance|Dire Claw|p2a: Dondozo\n|-damage|p2a: Dondozo|84\/100\n|move|p1b: Dragonite|Haze|p1b: Dragonite\n|-clearallboost\n|move|p2a: Dondozo|Order Up|p1b: Dragonite\n|-supereffective|p1b: Dragonite\n|-damage|p1b: Dragonite|0 fnt\n|faint|p1b: Dragonite\n|-boost|p2a: Dondozo|atk|1\n|\n|-heal|p2a: Dondozo|91\/100|[from] Grassy Terrain\n|-heal|p2a: Dondozo|97\/100|[from] item: Leftovers\n|-fieldend|move: Grassy Terrain\n|upkeep\n|\n|t:|1733698004\n|switch|p1b: Pirahna 3D|Basculegion, L50, M|100\/100\n|turn|6\n|\n|t:|1733698024\n|-terastallize|p1b: Pirahna 3D|Fairy\n|move|p1a: sorry in advance|Coaching|p1b: Pirahna 3D\n|-boost|p1b: Pirahna 3D|atk|1\n|-boost|p1b: Pirahna 3D|def|1\n|move|p1b: Pirahna 3D|Last Respects|p2a: Dondozo\n|-damage|p2a: Dondozo|49\/100\n|move|p2a: Dondozo|Wave Crash|p1a: sorry in advance\n|-damage|p1a: sorry in advance|0 fnt\n|faint|p1a: sorry in advance\n|-damage|p2a: Dondozo|26\/100|[from] Recoil\n|\n|-heal|p2a: Dondozo|32\/100|[from] item: Leftovers\n|upkeep\n|turn|7\n|\n|t:|1733698037\n|move|p2a: Dondozo|Protect|p2a: Dondozo\n|-singleturn|p2a: Dondozo|Protect\n|move|p1b: Pirahna 3D|Last Respects|p2a: Dondozo\n|-activate|p2a: Dondozo|move: Protect\n|\n|-heal|p2a: Dondozo|39\/100|[from] item: Leftovers\n|upkeep\n|turn|8\n|\n|t:|1733698044\n|move|p1b: Pirahna 3D|Last Respects|p2a: Dondozo\n|-damage|p2a: Dondozo|0 fnt\n|faint|p2a: Dondozo\n|\n|upkeep\n|turn|9\n|\n|t:|1733698049\n|move|p2b: Tatsugiri|Muddy Water|p1b: Pirahna 3D\n|-damage|p1b: Pirahna 3D|48\/100\n|move|p1b: Pirahna 3D|Last Respects|p2b: Tatsugiri\n|-damage|p2b: Tatsugiri|0 fnt\n|faint|p2b: Tatsugiri\n|\n|win|mlm2016\n|raw|mlm2016's rating: 1653 &rarr; <strong>1684<\/strong><br \/>(+31 for winning)\n|raw|chiitancrazymascot's rating: 1857 &rarr; <strong>1826<\/strong><br \/>(-31 for losing)\n|l|\u2606chiitancrazymascot\n|player|p2|\n|l|\u2606mlm2016\n|player|p1|\n","uploadtime":1733698272,"views":8,"formatid":"gen9vgc2024regh","rating":1684,"private":0,"password":null}