{"id":"gen9vgc2024regh-2259221114","format":"[Gen 9] VGC 2024 Reg H","players":["Cirilla Cintra","dex2299"],"log":"|j|\u2606Cirilla Cintra\n|j|\u203ddex2299\n|t:|1733686942\n|gametype|doubles\n|player|p1|Cirilla Cintra|1|1731\n|player|p2|dex2299|169|1769\n|teamsize|p1|6\n|teamsize|p2|6\n|gen|9\n|tier|[Gen 9] VGC 2024 Reg H\n|rated|\n|rule|Species Clause: Limit one of each Pok\u00e9mon\n|rule|Item Clause: Limit 1 of each item\n|clearpoke\n|poke|p1|Kommo-o, L50, F|\n|poke|p1|Gholdengo, L50|\n|poke|p1|Sneasler, L50, F|\n|poke|p1|Rillaboom, L50, F|\n|poke|p1|Dondozo, L50, M|\n|poke|p1|Electabuzz, L50, F|\n|poke|p2|Whimsicott, L50, M|\n|poke|p2|Typhlosion-Hisui, L50, F|\n|poke|p2|Farigiraf, L50, F|\n|poke|p2|Rillaboom, L50, F|\n|poke|p2|Primarina, L50, F|\n|poke|p2|Incineroar, L50, M|\n|teampreview|4\n|inactive|Battle timer is ON: inactive players will automatically lose when time's up. (requested by Cirilla Cintra)\n|inactive|dex2299 has 60 seconds left.\n|\n|t:|1733686980\n|start\n|switch|p1a: Rillaboom|Rillaboom, L50, F, shiny|100\/100\n|switch|p1b: Kommo-o|Kommo-o, L50, F, shiny|100\/100\n|switch|p2a: Incineroar|Incineroar, L50, M|100\/100\n|switch|p2b: Farigiraf|Farigiraf, L50, F|100\/100\n|-fieldstart|move: Grassy Terrain|[from] ability: Grassy Surge|[of] p1a: Rillaboom\n|-ability|p2a: Incineroar|Intimidate|boost\n|-unboost|p1a: Rillaboom|atk|1\n|-unboost|p1b: Kommo-o|atk|1\n|turn|1\n|inactive|Cirilla Cintra has 30 seconds left.\n|\n|t:|1733687006\n|switch|p1a: Dondozo|Dondozo, L50, M, shiny|100\/100\n|move|p2a: Incineroar|Fake Out|p1b: Kommo-o\n|-damage|p1b: Kommo-o|91\/100\n|cant|p1b: Kommo-o|flinch\n|move|p2b: Farigiraf|Trick Room|p2b: Farigiraf\n|-fieldstart|move: Trick Room|[of] p2b: Farigiraf\n|\n|-heal|p1b: Kommo-o|97\/100|[from] Grassy Terrain\n|upkeep\n|turn|2\n|inactive|dex2299 has 30 seconds left.\n|inactive|dex2299 has 20 seconds left.\n|\n|t:|1733687044\n|-terastallize|p1b: Kommo-o|Fire\n|move|p1a: Dondozo|Wave Crash|p2a: Incineroar\n|-supereffective|p2a: Incineroar\n|-damage|p2a: Incineroar|29\/100\n|-damage|p1a: Dondozo|82\/100|[from] Recoil\n|move|p2b: Farigiraf|Psychic|p1a: Dondozo\n|-damage|p1a: Dondozo|56\/100\n|move|p2a: Incineroar|Knock Off|p1a: Dondozo\n|-damage|p1a: Dondozo|35\/100\n|-enditem|p1a: Dondozo|Leftovers|[from] move: Knock Off|[of] p2a: Incineroar\n|move|p1b: Kommo-o|Clangorous Soul|p1b: Kommo-o\n|-boost|p1b: Kommo-o|atk|1\n|-boost|p1b: Kommo-o|def|1\n|-boost|p1b: Kommo-o|spa|1\n|-boost|p1b: Kommo-o|spd|1\n|-boost|p1b: Kommo-o|spe|1\n|-damage|p1b: Kommo-o|64\/100\n|-enditem|p1b: Kommo-o|Throat Spray\n|-boost|p1b: Kommo-o|spa|1|[from] item: Throat Spray\n|\n|-heal|p1a: Dondozo|41\/100|[from] Grassy Terrain\n|-heal|p2a: Incineroar|35\/100|[from] Grassy Terrain\n|-heal|p1b: Kommo-o|70\/100|[from] Grassy Terrain\n|upkeep\n|turn|3\n|inactive|Cirilla Cintra has 30 seconds left.\n|\n|t:|1733687071\n|move|p1a: Dondozo|Wave Crash|p2a: Incineroar\n|-supereffective|p2a: Incineroar\n|-damage|p2a: Incineroar|0 fnt\n|faint|p2a: Incineroar\n|-damage|p1a: Dondozo|32\/100|[from] Recoil\n|move|p2b: Farigiraf|Psychic|p1a: Dondozo\n|-damage|p1a: Dondozo|8\/100\n|move|p1b: Kommo-o|Clanging Scales|p2b: Farigiraf\n|-damage|p2b: Farigiraf|29\/100\n|-enditem|p2b: Farigiraf|Sitrus Berry|[eat]\n|-heal|p2b: Farigiraf|53\/100|[from] item: Sitrus Berry\n|-unboost|p1b: Kommo-o|def|1\n|\n|-heal|p1a: Dondozo|14\/100|[from] Grassy Terrain\n|-heal|p2b: Farigiraf|59\/100|[from] Grassy Terrain\n|-heal|p1b: Kommo-o|76\/100|[from] Grassy Terrain\n|upkeep\n|\n|t:|1733687080\n|switch|p2a: Primarina|Primarina, L50, F|100\/100\n|turn|4\n|\n|t:|1733687096\n|move|p1a: Dondozo|Yawn|p2a: Primarina\n|-start|p2a: Primarina|move: Yawn|[of] p1a: Dondozo\n|move|p2b: Farigiraf|Hyper Voice|p1b: Kommo-o|[spread] p1a\n|-immune|p1b: Kommo-o|[from] ability: Soundproof\n|-damage|p1a: Dondozo|0 fnt\n|faint|p1a: Dondozo\n|move|p2a: Primarina|Haze|p2a: Primarina\n|-clearallboost\n|move|p1b: Kommo-o|Clanging Scales|p2a: Primarina|[spread] p2b\n|-immune|p2a: Primarina\n|-damage|p2b: Farigiraf|33\/100\n|-unboost|p1b: Kommo-o|def|1\n|\n|-heal|p2b: Farigiraf|39\/100|[from] Grassy Terrain\n|-heal|p1b: Kommo-o|82\/100|[from] Grassy Terrain\n|upkeep\n|\n|t:|1733687113\n|switch|p1a: Rillaboom|Rillaboom, L50, F, shiny|100\/100\n|turn|5\n|j| vgcmeanslearning3\n|\n|t:|1733687131\n|switch|p2a: Typhlosion|Typhlosion-Hisui, L50, F|100\/100\n|move|p2b: Farigiraf|Psychic|p1b: Kommo-o\n|-damage|p1b: Kommo-o|47\/100\n|move|p1a: Rillaboom|Wood Hammer|p2b: Farigiraf\n|-damage|p2b: Farigiraf|0 fnt\n|faint|p2b: Farigiraf\n|-damage|p1a: Rillaboom|87\/100|[from] Recoil\n|move|p1b: Kommo-o|Clangorous Soul|p1b: Kommo-o\n|-boost|p1b: Kommo-o|atk|1\n|-boost|p1b: Kommo-o|def|1\n|-boost|p1b: Kommo-o|spa|1\n|-boost|p1b: Kommo-o|spd|1\n|-boost|p1b: Kommo-o|spe|1\n|-damage|p1b: Kommo-o|15\/100\n|\n|-heal|p1a: Rillaboom|93\/100|[from] Grassy Terrain\n|-heal|p1b: Kommo-o|20\/100|[from] Grassy Terrain\n|-fieldend|move: Trick Room\n|-fieldend|move: Grassy Terrain\n|upkeep\n|\n|t:|1733687145\n|switch|p2b: Primarina|Primarina, L50, F|100\/100\n|turn|6\n|inactive|Cirilla Cintra has 30 seconds left.\n|inactive|dex2299 has 30 seconds left.\n|\n|t:|1733687178\n|switch|p1a: Sneasler|Sneasler, L50, F, shiny|100\/100\n|-terastallize|p2a: Typhlosion|Fire\n|move|p1b: Kommo-o|Protect|p1b: Kommo-o\n|-singleturn|p1b: Kommo-o|Protect\n|move|p2a: Typhlosion|Heat Wave|p1b: Kommo-o|[spread] p1a\n|-activate|p1b: Kommo-o|move: Protect\n|-damage|p1a: Sneasler|12\/100\n|move|p2b: Primarina|Moonblast|p1b: Kommo-o\n|-activate|p1b: Kommo-o|move: Protect\n|\n|upkeep\n|turn|7\n|\n|t:|1733687199\n|move|p2b: Primarina|Protect|p2b: Primarina\n|-singleturn|p2b: Primarina|Protect\n|move|p1a: Sneasler|Fake Out|p2a: Typhlosion\n|-damage|p2a: Typhlosion|78\/100\n|move|p1b: Kommo-o|Clanging Scales|p2a: Typhlosion|[spread] p2a\n|-activate|p2b: Primarina|move: Protect\n|-damage|p2a: Typhlosion|13\/100\n|-unboost|p1b: Kommo-o|def|1\n|cant|p2a: Typhlosion|flinch\n|\n|upkeep\n|turn|8\n|\n|t:|1733687220\n|move|p1b: Kommo-o|Protect|p1b: Kommo-o\n|-singleturn|p1b: Kommo-o|Protect\n|move|p1a: Sneasler|Dire Claw|p2a: Typhlosion\n|-damage|p2a: Typhlosion|0 fnt\n|faint|p2a: Typhlosion\n|move|p2b: Primarina|Moonblast|p1b: Kommo-o\n|-activate|p1b: Kommo-o|move: Protect\n|\n|upkeep\n|turn|9\n|-message|dex2299 forfeited.\n|\n|win|Cirilla Cintra\n|raw|Cirilla Cintra's rating: 1731 &rarr; <strong>1753<\/strong><br \/>(+22 for winning)\n|raw|dex2299's rating: 1769 &rarr; <strong>1747<\/strong><br \/>(-22 for losing)\n|l|\u203ddex2299\n|player|p2|\n|l| vgcmeanslearning3\n|l|\u2606Cirilla Cintra\n|player|p1|\n|j|\u2606Cirilla Cintra\n|player|p1|Cirilla Cintra|1|\n|l|\u2606Cirilla Cintra\n|player|p1|\n","uploadtime":1733687405,"views":37,"formatid":"gen9vgc2024regh","rating":1747,"private":0,"password":null}