{"id":"gen9vgc2024regh-2259314879","format":"[Gen 9] VGC 2024 Reg H","players":["chorzondala","Mildly Displeased"],"log":"|j|\u2606chorzondala\n|j|\u2606Mildly Displeased\n|t:|1733698229\n|gametype|doubles\n|player|p1|chorzondala|boarder|1655\n|player|p2|Mildly Displeased|dawn|1725\n|teamsize|p1|6\n|teamsize|p2|6\n|gen|9\n|tier|[Gen 9] VGC 2024 Reg H\n|rated|\n|rule|Species Clause: Limit one of each Pok\u00e9mon\n|rule|Item Clause: Limit 1 of each item\n|clearpoke\n|poke|p1|Maushold-Four, L50|\n|poke|p1|Archaludon, L50, M|\n|poke|p1|Pelipper, L50, M|\n|poke|p1|Indeedee, L50, M|\n|poke|p1|Dragonite, L50, F|\n|poke|p1|Basculegion, L50, M|\n|poke|p2|Primarina, L50, M|\n|poke|p2|Scizor, L50, F|\n|poke|p2|Basculegion, L50, M|\n|poke|p2|Archaludon, L50, F|\n|poke|p2|Mienshao, L50, F|\n|poke|p2|Pelipper, L50, M|\n|teampreview|4\n|inactive|Battle timer is ON: inactive players will automatically lose when time's up. (requested by chorzondala)\n|\n|t:|1733698252\n|start\n|switch|p1a: Maushold|Maushold-Four, L50|100\/100\n|switch|p1b: Indeedee|Indeedee, L50, M|100\/100\n|switch|p2a: Angyfish|Basculegion, L50, M|100\/100\n|switch|p2b: Beak bum|Pelipper, L50, M|100\/100\n|-fieldstart|move: Psychic Terrain|[from] ability: Psychic Surge|[of] p1b: Indeedee\n|-weather|RainDance|[from] ability: Drizzle|[of] p2b: Beak bum\n|turn|1\n|\n|t:|1733698261\n|switch|p1a: Archaludon|Archaludon, L50, M|100\/100\n|move|p2b: Beak bum|Wide Guard|p2b: Beak bum\n|-singleturn|p2b: Beak bum|Wide Guard\n|move|p2a: Angyfish|Wave Crash|p1a: Archaludon\n|-resisted|p1a: Archaludon\n|-damage|p1a: Archaludon|61\/100\n|-ability|p1a: Archaludon|Stamina|boost\n|-boost|p1a: Archaludon|def|1\n|-damage|p2a: Angyfish|87\/100|[from] Recoil\n|-damage|p2a: Angyfish|78\/100|[from] item: Life Orb\n|move|p1b: Indeedee|Expanding Force|p2a: Angyfish|[spread] \n|-activate|p2a: Angyfish|move: Wide Guard\n|-activate|p2b: Beak bum|move: Wide Guard\n|\n|-weather|RainDance|[upkeep]\n|upkeep\n|turn|2\n|\n|t:|1733698276\n|move|p2b: Beak bum|Wide Guard|p2b: Beak bum\n|-singleturn|p2b: Beak bum|Wide Guard\n|move|p2a: Angyfish|Wave Crash|p1b: Indeedee\n|-enditem|p1b: Indeedee|Focus Sash\n|-damage|p1b: Indeedee|1\/100\n|-damage|p2a: Angyfish|55\/100|[from] Recoil\n|-damage|p2a: Angyfish|45\/100|[from] item: Life Orb\n|move|p1b: Indeedee|Expanding Force|p2a: Angyfish|[spread] \n|-activate|p2a: Angyfish|move: Wide Guard\n|-activate|p2b: Beak bum|move: Wide Guard\n|move|p1a: Archaludon|Electro Shot||[still]\n|-prepare|p1a: Archaludon|Electro Shot\n|-boost|p1a: Archaludon|spa|1\n|-anim|p1a: Archaludon|Electro Shot|p2a: Angyfish\n|-supereffective|p2a: Angyfish\n|-damage|p2a: Angyfish|0 fnt\n|faint|p2a: Angyfish\n|\n|-weather|RainDance|[upkeep]\n|upkeep\n|\n|t:|1733698285\n|switch|p2a: Noodle Arms|Mienshao, L50, F|100\/100\n|turn|3\n|\n|t:|1733698297\n|switch|p1b: Basculegion|Basculegion, L50, M|100\/100\n|-terastallize|p2a: Noodle Arms|Fighting\n|-terastallize|p1a: Archaludon|Ghost\n|move|p2b: Beak bum|Wide Guard|p2b: Beak bum\n|-singleturn|p2b: Beak bum|Wide Guard\n|move|p2a: Noodle Arms|Close Combat|p1a: Archaludon\n|-immune|p1a: Archaludon\n|move|p1a: Archaludon|Electro Shot||[still]\n|-prepare|p1a: Archaludon|Electro Shot\n|-boost|p1a: Archaludon|spa|1\n|-anim|p1a: Archaludon|Electro Shot|p2a: Noodle Arms\n|-enditem|p2a: Noodle Arms|Focus Sash\n|-damage|p2a: Noodle Arms|1\/100\n|\n|-weather|RainDance|[upkeep]\n|upkeep\n|turn|4\n|\n|t:|1733698313\n|move|p1b: Basculegion|Flip Turn|p2a: Noodle Arms\n|-damage|p2a: Noodle Arms|0 fnt\n|faint|p2a: Noodle Arms\n|\n|t:|1733698316\n|switch|p1b: Maushold|Maushold-Four, L50|100\/100|[from] Flip Turn\n|move|p1a: Archaludon|Electro Shot||[still]\n|-prepare|p1a: Archaludon|Electro Shot\n|-boost|p1a: Archaludon|spa|1\n|-anim|p1a: Archaludon|Electro Shot|p2b: Beak bum\n|-supereffective|p2b: Beak bum\n|-damage|p2b: Beak bum|0 fnt\n|faint|p2b: Beak bum\n|\n|-weather|RainDance|[upkeep]\n|upkeep\n|\n|t:|1733698322\n|switch|p2b: The Shard|Archaludon, L50, F|100\/100\n|turn|5\n|\n|t:|1733698327\n|move|p1b: Maushold|Population Bomb|p1a: Archaludon\n|-immune|p1a: Archaludon\n|move|p2b: The Shard|Electro Shot||[still]\n|-prepare|p2b: The Shard|Electro Shot\n|-boost|p2b: The Shard|spa|1\n|-anim|p2b: The Shard|Electro Shot|p1a: Archaludon\n|-damage|p1a: Archaludon|0 fnt\n|faint|p1a: Archaludon\n|\n|-weather|none\n|-fieldend|move: Psychic Terrain\n|upkeep\n|\n|t:|1733698335\n|switch|p1a: Indeedee|Indeedee, L50, M|1\/100\n|-fieldstart|move: Psychic Terrain|[from] ability: Psychic Surge|[of] p1a: Indeedee\n|turn|6\n|\n|t:|1733698351\n|move|p1b: Maushold|Follow Me|p1b: Maushold\n|-singleturn|p1b: Maushold|move: Follow Me\n|move|p1a: Indeedee|Expanding Force|p2b: The Shard\n|-resisted|p2b: The Shard\n|-damage|p2b: The Shard|64\/100\n|-ability|p2b: The Shard|Stamina|boost\n|-boost|p2b: The Shard|def|1\n|move|p2b: The Shard|Flash Cannon|p1b: Maushold\n|-damage|p1b: Maushold|0 fnt\n|faint|p1b: Maushold\n|\n|upkeep\n|\n|t:|1733698353\n|switch|p1b: Basculegion|Basculegion, L50, M|100\/100\n|turn|7\n|\n|t:|1733698358\n|move|p1a: Indeedee|Expanding Force|p2b: The Shard\n|-resisted|p2b: The Shard\n|-damage|p2b: The Shard|32\/100\n|-ability|p2b: The Shard|Stamina|boost\n|-boost|p2b: The Shard|def|1\n|move|p1b: Basculegion|Last Respects|p2b: The Shard\n|-damage|p2b: The Shard|0 fnt\n|faint|p2b: The Shard\n|\n|win|chorzondala\n|raw|chorzondala's rating: 1655 &rarr; <strong>1679<\/strong><br \/>(+24 for winning)\n|raw|Mildly Displeased's rating: 1725 &rarr; <strong>1701<\/strong><br \/>(-24 for losing)\n|l|\u2606Mildly Displeased\n|player|p2|\n|l|\u2606chorzondala\n|player|p1|\n","uploadtime":1733698548,"views":5,"formatid":"gen9vgc2024regh","rating":1679,"private":0,"password":null}