{"id":"gen9vgc2024regh-2259762496","format":"[Gen 9] VGC 2024 Reg H","players":["MosquitoKiller7000","xatseye"],"log":"|j|\u2606MosquitoKiller7000\n|j|\u2606xatseye\n|t:|1733764233\n|gametype|doubles\n|player|p1|MosquitoKiller7000|bugsy|1699\n|player|p2|xatseye|266|1672\n|teamsize|p1|6\n|teamsize|p2|6\n|gen|9\n|tier|[Gen 9] VGC 2024 Reg H\n|rated|\n|rule|Species Clause: Limit one of each Pok\u00e9mon\n|rule|Item Clause: Limit 1 of each item\n|clearpoke\n|poke|p1|Amoonguss, L50, F|\n|poke|p1|Incineroar, L50, F|\n|poke|p1|Excadrill, L50, M|\n|poke|p1|Kilowattrel, L50, M|\n|poke|p1|Kommo-o, L50, M|\n|poke|p1|Tyranitar, L50, M|\n|poke|p2|Archaludon, L50, F|\n|poke|p2|Pelipper, L50, F|\n|poke|p2|Gholdengo, L50|\n|poke|p2|Hydreigon, L50, F|\n|poke|p2|Basculegion, L50, M|\n|poke|p2|Amoonguss, L50, F|\n|teampreview|4\n|inactive|Battle timer is ON: inactive players will automatically lose when time's up. (requested by xatseye)\n|\n|t:|1733764263\n|start\n|switch|p1a: Kilowattrel|Kilowattrel, L50, M|100\/100\n|switch|p1b: Kommo-o|Kommo-o, L50, M|100\/100\n|switch|p2a: Gholdengo|Gholdengo, L50|100\/100\n|switch|p2b: Hydreigon|Hydreigon, L50, F|100\/100\n|turn|1\n|\n|t:|1733764281\n|switch|p1b: Tyranitar|Tyranitar, L50, M|100\/100\n|-weather|Sandstorm|[from] ability: Sand Stream|[of] p1b: Tyranitar\n|move|p1a: Kilowattrel|Volt Switch|p2b: Hydreigon\n|-resisted|p2b: Hydreigon\n|-damage|p2b: Hydreigon|76\/100\n|\n|t:|1733764286\n|switch|p1a: Amoonguss|Amoonguss, L50, F|100\/100|[from] Volt Switch\n|move|p2b: Hydreigon|Tailwind|p2b: Hydreigon\n|-sidestart|p2: xatseye|move: Tailwind\n|move|p2a: Gholdengo|Trick|p1b: Tyranitar\n|-activate|p2a: Gholdengo|move: Trick|[of] p1b: Tyranitar\n|-item|p1b: Tyranitar|Choice Specs|[from] move: Trick\n|-item|p2a: Gholdengo|Assault Vest|[from] move: Trick\n|\n|-weather|Sandstorm|[upkeep]\n|-damage|p2b: Hydreigon|70\/100|[from] Sandstorm\n|-damage|p1a: Amoonguss|95\/100|[from] Sandstorm\n|upkeep\n|turn|2\n|inactive|xatseye has 30 seconds left.\n|inactive|xatseye has 20 seconds left.\n|inactive|xatseye has 15 seconds left.\n|\n|t:|1733764326\n|-terastallize|p2a: Gholdengo|Steel\n|move|p2b: Hydreigon|Draco Meteor|p1a: Amoonguss\n|-damage|p1a: Amoonguss|39\/100\n|-unboost|p2b: Hydreigon|spa|2\n|move|p2a: Gholdengo|Make It Rain|p1b: Tyranitar|[spread] p1a,p1b\n|-supereffective|p1b: Tyranitar\n|-damage|p1a: Amoonguss|0 fnt\n|-damage|p1b: Tyranitar|14\/100\n|-unboost|p2a: Gholdengo|spa|1\n|faint|p1a: Amoonguss\n|move|p1b: Tyranitar|Knock Off|p2a: Gholdengo\n|-damage|p2a: Gholdengo|39\/100\n|-enditem|p2a: Gholdengo|Assault Vest|[from] move: Knock Off|[of] p1b: Tyranitar\n|\n|-weather|Sandstorm|[upkeep]\n|-damage|p2b: Hydreigon|64\/100|[from] Sandstorm\n|upkeep\n|\n|t:|1733764345\n|switch|p1a: Kilowattrel|Kilowattrel, L50, M|100\/100\n|turn|3\n|\n|t:|1733764354\n|switch|p2b: Archaludon|Archaludon, L50, F|100\/100\n|move|p2a: Gholdengo|Make It Rain|p1b: Tyranitar|[spread] p1a,p1b\n|-resisted|p1a: Kilowattrel\n|-supereffective|p1b: Tyranitar\n|-damage|p1a: Kilowattrel|66\/100\n|-damage|p1b: Tyranitar|0 fnt\n|-unboost|p2a: Gholdengo|spa|1\n|faint|p1b: Tyranitar\n|move|p1a: Kilowattrel|Volt Switch|p2a: Gholdengo\n|-damage|p2a: Gholdengo|0 fnt\n|faint|p2a: Gholdengo\n|\n|t:|1733764366\n|switch|p1a: Kommo-o|Kommo-o, L50, M|100\/100|[from] Volt Switch\n|\n|-weather|Sandstorm|[upkeep]\n|upkeep\n|\n|t:|1733764372\n|switch|p2a: Pelipper|Pelipper, L50, F|100\/100\n|switch|p1b: Kilowattrel|Kilowattrel, L50, M|66\/100\n|-weather|RainDance|[from] ability: Drizzle|[of] p2a: Pelipper\n|turn|4\n|\n|t:|1733764383\n|-terastallize|p1a: Kommo-o|Steel\n|move|p2b: Archaludon|Electro Shot||[still]\n|-prepare|p2b: Archaludon|Electro Shot\n|-boost|p2b: Archaludon|spa|1\n|-anim|p2b: Archaludon|Electro Shot|p1a: Kommo-o\n|-damage|p1a: Kommo-o|37\/100\n|move|p2a: Pelipper|Hurricane|p1a: Kommo-o\n|-resisted|p1a: Kommo-o\n|-damage|p1a: Kommo-o|12\/100\n|move|p1b: Kilowattrel|Thunderbolt|p2a: Pelipper\n|-supereffective|p2a: Pelipper\n|-enditem|p2a: Pelipper|Focus Sash\n|-damage|p2a: Pelipper|1\/100\n|move|p1a: Kommo-o|Clangorous Soul||[still]\n|-fail|p1a: Kommo-o\n|\n|-weather|RainDance|[upkeep]\n|-sideend|p2: xatseye|move: Tailwind\n|upkeep\n|turn|5\n|\n|t:|1733764403\n|move|p2a: Pelipper|Protect|p2a: Pelipper\n|-singleturn|p2a: Pelipper|Protect\n|move|p1b: Kilowattrel|Thunderbolt|p2a: Pelipper\n|-activate|p2a: Pelipper|move: Protect\n|move|p2b: Archaludon|Electro Shot||[still]\n|-prepare|p2b: Archaludon|Electro Shot\n|-boost|p2b: Archaludon|spa|1\n|-anim|p2b: Archaludon|Electro Shot|p1a: Kommo-o\n|-damage|p1a: Kommo-o|0 fnt\n|faint|p1a: Kommo-o\n|\n|-weather|RainDance|[upkeep]\n|upkeep\n|turn|6\n|-message|MosquitoKiller7000 forfeited.\n|\n|win|xatseye\n|raw|MosquitoKiller7000's rating: 1699 &rarr; <strong>1677<\/strong><br \/>(-22 for losing)\n|raw|xatseye's rating: 1672 &rarr; <strong>1694<\/strong><br \/>(+22 for winning)\n|l|\u2606MosquitoKiller7000\n|player|p1|\n|l|\u2606xatseye\n|player|p2|\n","uploadtime":1733764561,"views":351,"formatid":"gen9vgc2024regh","rating":1677,"private":0,"password":null}