{"id":"gen9vgc2024regh-2259318884","format":"[Gen 9] VGC 2024 Reg H","players":["chorzondala","chiitancrazymascot"],"log":"|j|\u2606chorzondala\n|j|\u2606chiitancrazymascot\n|t:|1733698745\n|gametype|doubles\n|player|p1|chorzondala|boarder|1698\n|player|p2|chiitancrazymascot|pokemaniac|1864\n|teamsize|p1|6\n|teamsize|p2|6\n|gen|9\n|tier|[Gen 9] VGC 2024 Reg H\n|rated|\n|rule|Species Clause: Limit one of each Pok\u00e9mon\n|rule|Item Clause: Limit 1 of each item\n|clearpoke\n|poke|p1|Maushold-Four, L50|\n|poke|p1|Archaludon, L50, M|\n|poke|p1|Pelipper, L50, F|\n|poke|p1|Indeedee, L50, M|\n|poke|p1|Dragonite, L50, F|\n|poke|p1|Basculegion, L50, M|\n|poke|p2|Annihilape, L50, M|\n|poke|p2|Dondozo, L50, F|\n|poke|p2|Maushold-Four, L50|\n|poke|p2|Gholdengo, L50|\n|poke|p2|Whimsicott, L50, M|\n|poke|p2|Tatsugiri, L50, M|\n|teampreview|4\n|inactive|Battle timer is ON: inactive players will automatically lose when time's up. (requested by chiitancrazymascot)\n|\n|t:|1733698766\n|start\n|switch|p1a: Pelipper|Pelipper, L50, F|100\/100\n|switch|p1b: Basculegion|Basculegion, L50, M|100\/100\n|switch|p2a: Whimsicott|Whimsicott, L50, M, shiny|100\/100\n|switch|p2b: Gholdengo|Gholdengo, L50, shiny|100\/100\n|-weather|RainDance|[from] ability: Drizzle|[of] p1a: Pelipper\n|turn|1\n|\n|t:|1733698779\n|move|p1a: Pelipper|Wide Guard|p1a: Pelipper\n|-singleturn|p1a: Pelipper|Wide Guard\n|move|p2a: Whimsicott|Tailwind|p2a: Whimsicott\n|-sidestart|p2: chiitancrazymascot|move: Tailwind\n|move|p1b: Basculegion|Flip Turn|p2b: Gholdengo\n|-damage|p2b: Gholdengo|31\/100\n|\n|t:|1733698788\n|switch|p1b: Archaludon|Archaludon, L50, M|100\/100|[from] Flip Turn\n|move|p2b: Gholdengo|Make It Rain|p1b: Archaludon|[spread] \n|-activate|p1a: Pelipper|move: Wide Guard\n|-activate|p1b: Archaludon|move: Wide Guard\n|\n|-weather|RainDance|[upkeep]\n|upkeep\n|turn|2\n|\n|t:|1733698804\n|move|p2a: Whimsicott|Moonblast|p1a: Pelipper\n|-damage|p1a: Pelipper|64\/100\n|move|p2b: Gholdengo|Make It Rain|p1a: Pelipper|[spread] p1a,p1b\n|-resisted|p1a: Pelipper\n|-resisted|p1b: Archaludon\n|-damage|p1a: Pelipper|10\/100\n|-damage|p1b: Archaludon|70\/100\n|-unboost|p2b: Gholdengo|spa|1\n|-ability|p1b: Archaludon|Stamina|boost\n|-boost|p1b: Archaludon|def|1\n|-enditem|p1a: Pelipper|Sitrus Berry|[eat]\n|-heal|p1a: Pelipper|35\/100|[from] item: Sitrus Berry\n|move|p1b: Archaludon|Electro Shot||[still]\n|-prepare|p1b: Archaludon|Electro Shot\n|-boost|p1b: Archaludon|spa|1\n|-anim|p1b: Archaludon|Electro Shot|p2b: Gholdengo\n|-damage|p2b: Gholdengo|0 fnt\n|faint|p2b: Gholdengo\n|move|p1a: Pelipper|Tailwind|p1a: Pelipper\n|-sidestart|p1: chorzondala|move: Tailwind\n|\n|-weather|RainDance|[upkeep]\n|upkeep\n|\n|t:|1733698811\n|switch|p2b: Dondozo|Dondozo, L50, F, shiny|100\/100\n|turn|3\n|\n|t:|1733698822\n|switch|p2a: Tatsugiri|Tatsugiri, L50, M, shiny|100\/100\n|-activate|p2a: Tatsugiri|ability: Commander|[of] p2b: Dondozo\n|-boost|p2b: Dondozo|atk|2\n|-boost|p2b: Dondozo|spa|2\n|-boost|p2b: Dondozo|spe|2\n|-boost|p2b: Dondozo|def|2\n|-boost|p2b: Dondozo|spd|2\n|switch|p1a: Dragonite|Dragonite, L50, F|100\/100\n|-terastallize|p2b: Dondozo|Grass\n|move|p2b: Dondozo|Order Up|p1a: Dragonite\n|-supereffective|p1a: Dragonite\n|-damage|p1a: Dragonite|52\/100\n|-boost|p2b: Dondozo|atk|1\n|move|p1b: Archaludon|Electro Shot||[still]\n|-prepare|p1b: Archaludon|Electro Shot\n|-boost|p1b: Archaludon|spa|1\n|-anim|p1b: Archaludon|Electro Shot|p2b: Dondozo\n|-resisted|p2b: Dondozo\n|-damage|p2b: Dondozo|89\/100\n|\n|-weather|RainDance|[upkeep]\n|-heal|p2b: Dondozo|95\/100|[from] item: Leftovers\n|-heal|p1a: Dragonite|58\/100|[from] item: Leftovers\n|upkeep\n|turn|4\n|\n|t:|1733698845\n|move|p2b: Dondozo|Wave Crash|p1b: Archaludon\n|-resisted|p1b: Archaludon\n|-damage|p1b: Archaludon|0 fnt\n|faint|p1b: Archaludon\n|-damage|p2b: Dondozo|75\/100|[from] Recoil\n|move|p1a: Dragonite|Haze|p1a: Dragonite\n|-clearallboost\n|\n|-weather|RainDance|[upkeep]\n|-heal|p1a: Dragonite|64\/100|[from] item: Leftovers\n|-heal|p2b: Dondozo|81\/100|[from] item: Leftovers\n|-sideend|p2: chiitancrazymascot|move: Tailwind\n|upkeep\n|\n|t:|1733698850\n|switch|p1b: Pelipper|Pelipper, L50, F|35\/100\n|turn|5\n|\n|t:|1733698866\n|-terastallize|p1a: Dragonite|Fairy\n|move|p2b: Dondozo|Protect|p2b: Dondozo\n|-singleturn|p2b: Dondozo|Protect\n|move|p1a: Dragonite|Scale Shot|p2b: Dondozo\n|-activate|p2b: Dondozo|move: Protect\n|move|p1b: Pelipper|Hurricane|p2b: Dondozo\n|-activate|p2b: Dondozo|move: Protect\n|\n|-weather|none\n|-heal|p1a: Dragonite|70\/100|[from] item: Leftovers\n|-heal|p2b: Dondozo|88\/100|[from] item: Leftovers\n|-sideend|p1: chorzondala|move: Tailwind\n|upkeep\n|turn|6\n|\n|t:|1733698873\n|move|p1a: Dragonite|Scale Shot|p2b: Dondozo\n|-damage|p2b: Dondozo|79\/100\n|-damage|p2b: Dondozo|71\/100\n|-damage|p2b: Dondozo|63\/100\n|-hitcount|p2b: Dondozo|3\n|-unboost|p1a: Dragonite|def|1\n|-boost|p1a: Dragonite|spe|1\n|move|p2b: Dondozo|Order Up|p1b: Pelipper\n|-damage|p1b: Pelipper|14\/100\n|-boost|p2b: Dondozo|atk|1\n|move|p1b: Pelipper|Tailwind|p1b: Pelipper\n|-sidestart|p1: chorzondala|move: Tailwind\n|\n|-heal|p1a: Dragonite|76\/100|[from] item: Leftovers\n|-heal|p2b: Dondozo|69\/100|[from] item: Leftovers\n|upkeep\n|turn|7\n|inactive|chorzondala has 30 seconds left.\n|\n|t:|1733698901\n|switch|p1b: Basculegion|Basculegion, L50, M|100\/100\n|move|p2b: Dondozo|Protect|p2b: Dondozo\n|-singleturn|p2b: Dondozo|Protect\n|move|p1a: Dragonite|Haze|p1a: Dragonite\n|-clearallboost\n|\n|-heal|p1a: Dragonite|82\/100|[from] item: Leftovers\n|-heal|p2b: Dondozo|75\/100|[from] item: Leftovers\n|upkeep\n|turn|8\n|\n|t:|1733698911\n|move|p1b: Basculegion|Flip Turn|p2b: Dondozo\n|-resisted|p2b: Dondozo\n|-damage|p2b: Dondozo|59\/100\n|\n|t:|1733698914\n|switch|p1b: Pelipper|Pelipper, L50, F|14\/100|[from] Flip Turn\n|-weather|RainDance|[from] ability: Drizzle|[of] p1b: Pelipper\n|move|p1a: Dragonite|Scale Shot|p2b: Dondozo\n|-damage|p2b: Dondozo|51\/100\n|-damage|p2b: Dondozo|42\/100\n|-damage|p2b: Dondozo|35\/100\n|-damage|p2b: Dondozo|27\/100\n|-damage|p2b: Dondozo|18\/100\n|-hitcount|p2b: Dondozo|5\n|-unboost|p1a: Dragonite|def|1\n|-boost|p1a: Dragonite|spe|1\n|move|p2b: Dondozo|Tera Blast|p1b: Pelipper|[anim] Tera Blast Grass\n|-damage|p1b: Pelipper|0 fnt\n|faint|p1b: Pelipper\n|\n|-weather|RainDance|[upkeep]\n|-heal|p1a: Dragonite|88\/100|[from] item: Leftovers\n|-heal|p2b: Dondozo|24\/100|[from] item: Leftovers\n|upkeep\n|\n|t:|1733698923\n|switch|p1b: Basculegion|Basculegion, L50, M|100\/100\n|turn|9\n|\n|t:|1733698938\n|move|p2b: Dondozo|Protect|p2b: Dondozo\n|-singleturn|p2b: Dondozo|Protect\n|move|p1b: Basculegion|Last Respects|p2b: Dondozo\n|-activate|p2b: Dondozo|move: Protect\n|move|p1a: Dragonite|Scale Shot|p2b: Dondozo\n|-activate|p2b: Dondozo|move: Protect\n|\n|-weather|RainDance|[upkeep]\n|-heal|p1a: Dragonite|94\/100|[from] item: Leftovers\n|-heal|p2b: Dondozo|31\/100|[from] item: Leftovers\n|-sideend|p1: chorzondala|move: Tailwind\n|upkeep\n|turn|10\n|\n|t:|1733698943\n|move|p1b: Basculegion|Last Respects|p2b: Dondozo\n|-damage|p2b: Dondozo|0 fnt\n|faint|p2b: Dondozo\n|move|p1a: Dragonite|Scale Shot|p2a: Tatsugiri\n|-supereffective|p2a: Tatsugiri\n|-damage|p2a: Tatsugiri|53\/100\n|-supereffective|p2a: Tatsugiri\n|-damage|p2a: Tatsugiri|10\/100\n|-supereffective|p2a: Tatsugiri\n|-damage|p2a: Tatsugiri|0 fnt\n|faint|p2a: Tatsugiri\n|-hitcount|p2: Tatsugiri|3\n|-unboost|p1a: Dragonite|def|1\n|-boost|p1a: Dragonite|spe|1\n|\n|-weather|RainDance|[upkeep]\n|-heal|p1a: Dragonite|100\/100|[from] item: Leftovers\n|upkeep\n|-message|chiitancrazymascot forfeited.\n|\n|win|chorzondala\n|raw|chorzondala's rating: 1698 &rarr; <strong>1727<\/strong><br \/>(+29 for winning)\n|raw|chiitancrazymascot's rating: 1864 &rarr; <strong>1835<\/strong><br \/>(-29 for losing)\n|l|\u2606chiitancrazymascot\n|player|p2|\n","uploadtime":1733699102,"views":5,"formatid":"gen9vgc2024regh","rating":1727,"private":0,"password":null}