{"id":"gen9vgc2024regh-2259317177","format":"[Gen 9] VGC 2024 Reg H","players":["Mildly Displeased","chiitancrazymascot"],"log":"|j|\u2606Mildly Displeased\n|j|\u2606chiitancrazymascot\n|t:|1733698523\n|gametype|doubles\n|player|p1|Mildly Displeased|dawn|1712\n|player|p2|chiitancrazymascot|pokemaniac|1852\n|teamsize|p1|6\n|teamsize|p2|6\n|gen|9\n|tier|[Gen 9] VGC 2024 Reg H\n|rated|\n|rule|Species Clause: Limit one of each Pok\u00e9mon\n|rule|Item Clause: Limit 1 of each item\n|clearpoke\n|poke|p1|Primarina, L50, F|\n|poke|p1|Scizor, L50, M|\n|poke|p1|Basculegion, L50, M|\n|poke|p1|Archaludon, L50, M|\n|poke|p1|Mienshao, L50, F|\n|poke|p1|Pelipper, L50, F|\n|poke|p2|Annihilape, L50, M|\n|poke|p2|Dondozo, L50, M|\n|poke|p2|Maushold-Four, L50|\n|poke|p2|Gholdengo, L50|\n|poke|p2|Whimsicott, L50, F|\n|poke|p2|Tatsugiri, L50, F|\n|teampreview|4\n|inactive|Battle timer is ON: inactive players will automatically lose when time's up. (requested by chiitancrazymascot)\nMildly Displeased rejected open team sheets.\n|\n|t:|1733698543\n|start\n|switch|p1a: Noodle Arms|Mienshao, L50, F|100\/100\n|switch|p1b: The Shard|Archaludon, L50, M|100\/100\n|switch|p2a: Whimsicott|Whimsicott, L50, F, shiny|100\/100\n|switch|p2b: Gholdengo|Gholdengo, L50, shiny|100\/100\n|turn|1\n|\n|t:|1733698562\n|move|p1a: Noodle Arms|Fake Out|p2a: Whimsicott\n|-damage|p2a: Whimsicott|85\/100\n|move|p2a: Whimsicott|Tailwind|p2a: Whimsicott\n|-sidestart|p2: chiitancrazymascot|move: Tailwind\n|move|p2b: Gholdengo|Make It Rain|p1b: The Shard|[spread] p1a,p1b\n|-resisted|p1b: The Shard\n|-enditem|p1a: Noodle Arms|Focus Sash\n|-damage|p1a: Noodle Arms|1\/100\n|-damage|p1b: The Shard|63\/100\n|-unboost|p2b: Gholdengo|spa|1\n|-ability|p1b: The Shard|Stamina|boost\n|-boost|p1b: The Shard|def|1\n|move|p1b: The Shard|Flash Cannon|p2a: Whimsicott\n|-supereffective|p2a: Whimsicott\n|-damage|p2a: Whimsicott|0 fnt\n|faint|p2a: Whimsicott\n|\n|upkeep\n|\n|t:|1733698568\n|switch|p2a: Dondozo|Dondozo, L50, M, shiny|100\/100\n|turn|2\n|\n|t:|1733698588\n|switch|p2b: Tatsugiri|Tatsugiri, L50, F, shiny|100\/100\n|-activate|p2b: Tatsugiri|ability: Commander|[of] p2a: Dondozo\n|-boost|p2a: Dondozo|atk|2\n|-boost|p2a: Dondozo|spa|2\n|-boost|p2a: Dondozo|spe|2\n|-boost|p2a: Dondozo|def|2\n|-boost|p2a: Dondozo|spd|2\n|switch|p1a: Beak bum|Pelipper, L50, F|100\/100\n|-weather|RainDance|[from] ability: Drizzle|[of] p1a: Beak bum\n|-terastallize|p2a: Dondozo|Grass\n|move|p2a: Dondozo|Order Up|p1a: Beak bum\n|-damage|p1a: Beak bum|47\/100\n|-boost|p2a: Dondozo|atk|1\n|move|p1b: The Shard|Electro Shot||[still]\n|-prepare|p1b: The Shard|Electro Shot\n|-boost|p1b: The Shard|spa|1\n|-anim|p1b: The Shard|Electro Shot|p2a: Dondozo\n|-resisted|p2a: Dondozo\n|-damage|p2a: Dondozo|87\/100\n|\n|-weather|RainDance|[upkeep]\n|-heal|p2a: Dondozo|93\/100|[from] item: Leftovers\n|upkeep\n|turn|3\n|\n|t:|1733698606\n|move|p2a: Dondozo|Order Up|p1a: Beak bum\n|-damage|p1a: Beak bum|0 fnt\n|faint|p1a: Beak bum\n|-boost|p2a: Dondozo|atk|1\n|move|p1b: The Shard|Draco Meteor|p2a: Dondozo\n|-damage|p2a: Dondozo|53\/100\n|-unboost|p1b: The Shard|spa|2\n|\n|-weather|RainDance|[upkeep]\n|-heal|p2a: Dondozo|59\/100|[from] item: Leftovers\n|upkeep\n|\n|t:|1733698616\n|switch|p1a: Noodle Arms|Mienshao, L50, F|1\/100\n|turn|4\n|\n|t:|1733698622\n|move|p2a: Dondozo|Protect|p2a: Dondozo\n|-singleturn|p2a: Dondozo|Protect\n|move|p1a: Noodle Arms|Fake Out|p2a: Dondozo\n|-activate|p2a: Dondozo|move: Protect\n|move|p1b: The Shard|Electro Shot||[still]\n|-prepare|p1b: The Shard|Electro Shot\n|-boost|p1b: The Shard|spa|1\n|-anim|p1b: The Shard|Electro Shot|p2a: Dondozo\n|-activate|p2a: Dondozo|move: Protect\n|\n|-weather|RainDance|[upkeep]\n|-heal|p2a: Dondozo|65\/100|[from] item: Leftovers\n|-sideend|p2: chiitancrazymascot|move: Tailwind\n|upkeep\n|turn|5\n|\n|t:|1733698634\n|move|p1a: Noodle Arms|Triple Axel|p2a: Dondozo\n|-supereffective|p2a: Dondozo\n|-damage|p2a: Dondozo|60\/100\n|-supereffective|p2a: Dondozo\n|-damage|p2a: Dondozo|50\/100\n|-supereffective|p2a: Dondozo\n|-damage|p2a: Dondozo|35\/100\n|-hitcount|p2a: Dondozo|3\n|move|p2a: Dondozo|Wave Crash|p1b: The Shard\n|-resisted|p1b: The Shard\n|-damage|p1b: The Shard|0 fnt\n|faint|p1b: The Shard\n|-damage|p2a: Dondozo|20\/100|[from] Recoil\n|\n|-weather|RainDance|[upkeep]\n|-heal|p2a: Dondozo|26\/100|[from] item: Leftovers\n|upkeep\n|\n|t:|1733698644\n|switch|p1b: Angyfish|Basculegion, L50, M|100\/100\n|turn|6\n|\n|t:|1733698655\n|-terastallize|p1b: Angyfish|Ghost\n|move|p1b: Angyfish|Last Respects|p2a: Dondozo\n|-damage|p2a: Dondozo|0 fnt\n|faint|p2a: Dondozo\n|-damage|p1b: Angyfish|91\/100|[from] item: Life Orb\n|move|p1a: Noodle Arms|Triple Axel|p2b: Tatsugiri\n|-damage|p2b: Tatsugiri|87\/100\n|-damage|p2b: Tatsugiri|61\/100\n|-damage|p2b: Tatsugiri|25\/100\n|-hitcount|p2b: Tatsugiri|3\n|\n|-weather|none\n|upkeep\n|\n|t:|1733698660\n|switch|p2a: Gholdengo|Gholdengo, L50, shiny|100\/100\n|turn|7\n|\n|t:|1733698673\n|move|p1b: Angyfish|Protect|p1b: Angyfish\n|-singleturn|p1b: Angyfish|Protect\n|move|p2b: Tatsugiri|Icy Wind|p1b: Angyfish|[spread] p1a\n|-activate|p1b: Angyfish|move: Protect\n|-damage|p1a: Noodle Arms|0 fnt\n|faint|p1a: Noodle Arms\n|move|p2a: Gholdengo|Shadow Ball|p1b: Angyfish\n|-activate|p1b: Angyfish|move: Protect\n|\n|upkeep\n|turn|8\n|\n|t:|1733698680\n|move|p2b: Tatsugiri|Icy Wind|p1b: Angyfish\n|-damage|p1b: Angyfish|69\/100\n|-unboost|p1b: Angyfish|spe|1\n|move|p2a: Gholdengo|Shadow Ball|p1b: Angyfish\n|-supereffective|p1b: Angyfish\n|-damage|p1b: Angyfish|0 fnt\n|faint|p1b: Angyfish\n|\n|win|chiitancrazymascot\n|raw|Mildly Displeased's rating: 1712 &rarr; <strong>1700<\/strong><br \/>(-12 for losing)\n|raw|chiitancrazymascot's rating: 1852 &rarr; <strong>1864<\/strong><br \/>(+12 for winning)\n|l|\u2606Mildly Displeased\n|player|p1|\n|l|\u2606chiitancrazymascot\n|player|p2|\n","uploadtime":1733698683,"views":18,"formatid":"gen9vgc2024regh","rating":1700,"private":0,"password":null}