{"id":"gen9vgc2024regh-2259017770","format":"[Gen 9] VGC 2024 Reg H","players":["TheOnlyFizzo","zugasteam"],"log":"|j|\u2606TheOnlyFizzo\n|j|\u2606zugasteam\n|t:|1733657847\n|gametype|doubles\n|player|p1|TheOnlyFizzo|265|1754\n|player|p2|zugasteam|101|1650\n|teamsize|p1|6\n|teamsize|p2|6\n|gen|9\n|tier|[Gen 9] VGC 2024 Reg H\n|rated|\n|rule|Species Clause: Limit one of each Pok\u00e9mon\n|rule|Item Clause: Limit 1 of each item\n|clearpoke\n|poke|p1|Sneasler, L50, M|\n|poke|p1|Indeedee, L50, M|\n|poke|p1|Gholdengo, L50|\n|poke|p1|Murkrow, L50, M|\n|poke|p1|Ursaluna, L50, F|\n|poke|p1|Zoroark-Hisui, L50, F|\n|poke|p2|Rillaboom, L50, F|\n|poke|p2|Sneasler, L50, M|\n|poke|p2|Incineroar, L50, F|\n|poke|p2|Rotom-Wash, L50|\n|poke|p2|Ursaluna-Bloodmoon, L50, M|\n|poke|p2|Dragonite, L50, M|\n|teampreview|4\n|inactive|Battle timer is ON: inactive players will automatically lose when time's up. (requested by TheOnlyFizzo)\n|inactive|TheOnlyFizzo has 60 seconds left.\n|inactive|TheOnlyFizzo has 30 seconds left.\n|inactive|TheOnlyFizzo has 20 seconds left.\n|\n|t:|1733657925\n|start\n|switch|p1a: Murkrow|Murkrow, L50, M|100\/100\n|switch|p1b: Ursaluna|Ursaluna, L50, F|100\/100\n|switch|p2a: Ursaluna|Ursaluna-Bloodmoon, L50, M|100\/100\n|switch|p2b: Incineroar|Incineroar, L50, F|100\/100\n|-ability|p2b: Incineroar|Intimidate|boost\n|-unboost|p1a: Murkrow|atk|1\n|-unboost|p1b: Ursaluna|atk|1\n|turn|1\n|\n|t:|1733657942\n|move|p2b: Incineroar|Fake Out|p1a: Murkrow\n|-damage|p1a: Murkrow|87\/100\n|cant|p1a: Murkrow|flinch\n|move|p1b: Ursaluna|Headlong Rush|p2b: Incineroar\n|-supereffective|p2b: Incineroar\n|-damage|p2b: Incineroar|32\/100\n|-unboost|p1b: Ursaluna|def|1\n|-unboost|p1b: Ursaluna|spd|1\n|move|p2a: Ursaluna|Blood Moon|p1a: Murkrow\n|-damage|p1a: Murkrow|0 fnt\n|faint|p1a: Murkrow\n|\n|-status|p1b: Ursaluna|brn|[from] item: Flame Orb\n|upkeep\n|\n|t:|1733657962\n|switch|p1a: Sneasler|Sneasler, L50, M|100\/100\n|turn|2\n|inactive|TheOnlyFizzo has 30 seconds left.\n|\n|t:|1733657987\n|switch|p2b: Dragonite|Dragonite, L50, M|100\/100\n|-terastallize|p2a: Ursaluna|Ghost\n|move|p1a: Sneasler|Close Combat|p2a: Ursaluna\n|-immune|p2a: Ursaluna\n|move|p1b: Ursaluna|Facade|p2b: Dragonite\n|-damage|p2b: Dragonite|63\/100\n|move|p2a: Ursaluna|Earth Power|p1a: Sneasler\n|-supereffective|p1a: Sneasler\n|-damage|p1a: Sneasler|0 fnt\n|faint|p1a: Sneasler\n|\n|-damage|p1b: Ursaluna|94\/100 brn|[from] brn\n|upkeep\n|\n|t:|1733658005\n|switch|p1a: Indeedee|Indeedee, L50, M|100\/100\n|-fieldstart|move: Psychic Terrain|[from] ability: Psychic Surge|[of] p1a: Indeedee\n|turn|3\n|\n|t:|1733658024\n|switch|p2a: Rillaboom|Rillaboom, L50, F|100\/100\n|-fieldstart|move: Grassy Terrain|[from] ability: Grassy Surge|[of] p2a: Rillaboom\n|-terastallize|p1a: Indeedee|Psychic\n|move|p1a: Indeedee|Expanding Force|p2a: Rillaboom\n|-damage|p2a: Rillaboom|63\/100\n|move|p2b: Dragonite|Scale Shot|p1a: Indeedee\n|-damage|p1a: Indeedee|73\/100\n|-damage|p1a: Indeedee|44\/100\n|-damage|p1a: Indeedee|17\/100\n|-damage|p1a: Indeedee|0 fnt\n|faint|p1a: Indeedee\n|-hitcount|p1: Indeedee|4\n|-unboost|p2b: Dragonite|def|1\n|-boost|p2b: Dragonite|spe|1\n|move|p1b: Ursaluna|Headlong Rush|p2a: Rillaboom\n|-resisted|p2a: Rillaboom\n|-damage|p2a: Rillaboom|33\/100\n|-unboost|p1b: Ursaluna|def|1\n|-unboost|p1b: Ursaluna|spd|1\n|\n|-heal|p2a: Rillaboom|39\/100|[from] Grassy Terrain\n|-heal|p1b: Ursaluna|100\/100 brn|[from] Grassy Terrain\n|-damage|p1b: Ursaluna|94\/100 brn|[from] brn\n|upkeep\n|turn|4\n|inactive|TheOnlyFizzo has 30 seconds left.\n|inactive|zugasteam has 30 seconds left.\n|inactive|TheOnlyFizzo has 20 seconds left.\n|inactive|TheOnlyFizzo has 15 seconds left.\n|inactive|TheOnlyFizzo has 10 seconds left.\n|inactive|TheOnlyFizzo has 5 seconds left.\n|\n|t:|1733658079\n|move|p1b: Ursaluna|Protect|p1b: Ursaluna\n|-singleturn|p1b: Ursaluna|Protect\n|move|p2b: Dragonite|Scale Shot|p1b: Ursaluna\n|-activate|p1b: Ursaluna|move: Protect\n|move|p2a: Rillaboom|Wood Hammer|p1b: Ursaluna\n|-activate|p1b: Ursaluna|move: Protect\n|\n|-heal|p2a: Rillaboom|44\/100|[from] Grassy Terrain\n|-heal|p1b: Ursaluna|100\/100 brn|[from] Grassy Terrain\n|-damage|p1b: Ursaluna|94\/100 brn|[from] brn\n|upkeep\n|turn|5\n|inactive|TheOnlyFizzo has 30 seconds left.\n|inactive|TheOnlyFizzo has 20 seconds left.\n|inactive|TheOnlyFizzo has 15 seconds left.\n|inactive|TheOnlyFizzo has 10 seconds left.\n|-message|TheOnlyFizzo forfeited.\n|\n|win|zugasteam\n|raw|TheOnlyFizzo's rating: 1754 &rarr; <strong>1728<\/strong><br \/>(-26 for losing)\n|raw|zugasteam's rating: 1650 &rarr; <strong>1676<\/strong><br \/>(+26 for winning)\n|l|\u2606TheOnlyFizzo\n|player|p1|\n|l|\u2606zugasteam\n|player|p2|\n","uploadtime":1733658269,"views":4,"formatid":"gen9vgc2024regh","rating":1676,"private":0,"password":null}