{"id":"gen9vgc2024regh-2259758717","format":"[Gen 9] VGC 2024 Reg H","players":["zugasteam","freeeds"],"log":"|j|\u2606zugasteam\n|j|\u2606freeeds\n|t:|1733763848\n|gametype|doubles\n|player|p1|zugasteam|1|1700\n|player|p2|freeeds|cynthia|1692\n|teamsize|p1|6\n|teamsize|p2|6\n|gen|9\n|tier|[Gen 9] VGC 2024 Reg H\n|rated|\n|rule|Species Clause: Limit one of each Pok\u00e9mon\n|rule|Item Clause: Limit 1 of each item\n|clearpoke\n|poke|p1|Rillaboom, L50, M|\n|poke|p1|Sneasler, L50, F|\n|poke|p1|Incineroar, L50, M|\n|poke|p1|Rotom-Wash, L50|\n|poke|p1|Ursaluna-Bloodmoon, L50, M|\n|poke|p1|Dragonite, L50, F|\n|poke|p2|Porygon2, L50|\n|poke|p2|Sneasler, L50, M|\n|poke|p2|Gholdengo, L50|\n|poke|p2|Amoonguss, L50, M|\n|poke|p2|Incineroar, L50, F|\n|poke|p2|Dragonite, L50, F|\n|teampreview|4\n|inactive|Battle timer is ON: inactive players will automatically lose when time's up. (requested by zugasteam)\n|j| merdacapeta\n|inactive|freeeds has 60 seconds left.\n|\n|t:|1733763903\n|start\n|switch|p1a: Sneasler|Sneasler, L50, F|100\/100\n|switch|p1b: Incineroar|Incineroar, L50, M|100\/100\n|switch|p2a: Incineroar|Incineroar, L50, F|100\/100\n|switch|p2b: Amoonguss|Amoonguss, L50, M|100\/100\n|-ability|p1b: Incineroar|Intimidate|boost\n|-unboost|p2a: Incineroar|atk|1\n|-unboost|p2b: Amoonguss|atk|1\n|-ability|p2a: Incineroar|Intimidate|boost\n|-unboost|p1a: Sneasler|atk|1\n|-unboost|p1b: Incineroar|atk|1\n|turn|1\n|\n|t:|1733763925\n|-terastallize|p1b: Incineroar|Ghost\n|move|p1a: Sneasler|Protect|p1a: Sneasler\n|-singleturn|p1a: Sneasler|Protect\n|move|p1b: Incineroar|Flare Blitz|p2b: Amoonguss\n|-supereffective|p2b: Amoonguss\n|-damage|p2b: Amoonguss|50\/100\n|-enditem|p2b: Amoonguss|Sitrus Berry|[eat]\n|-heal|p2b: Amoonguss|75\/100|[from] item: Sitrus Berry\n|-damage|p1b: Incineroar|83\/100|[from] Recoil\n|move|p2a: Incineroar|Parting Shot|p1b: Incineroar\n|-unboost|p1b: Incineroar|atk|1\n|-unboost|p1b: Incineroar|spa|1\n|\n|t:|1733763939\n|switch|p2a: Dragonite|Dragonite, L50, F|100\/100|[from] Parting Shot\n|move|p2b: Amoonguss|Spore|p1a: Sneasler\n|-activate|p1a: Sneasler|move: Protect\n|\n|upkeep\n|turn|2\n|inactive|freeeds has 30 seconds left.\n|\n|t:|1733763967\n|move|p2b: Amoonguss|Rage Powder|p2b: Amoonguss\n|-singleturn|p2b: Amoonguss|move: Rage Powder\n|move|p1a: Sneasler|Dire Claw|p2b: Amoonguss\n|-damage|p2b: Amoonguss|54\/100\n|move|p2a: Dragonite|Scale Shot|p1a: Sneasler\n|-damage|p1a: Sneasler|75\/100\n|-damage|p1a: Sneasler|48\/100\n|-damage|p1a: Sneasler|23\/100\n|-damage|p1a: Sneasler|0 fnt\n|faint|p1a: Sneasler\n|-hitcount|p1: Sneasler|4\n|-unboost|p2a: Dragonite|def|1\n|-boost|p2a: Dragonite|spe|1\n|move|p1b: Incineroar|Knock Off|p2a: Dragonite\n|-damage|p2a: Dragonite|84\/100\n|-enditem|p2a: Dragonite|Loaded Dice|[from] move: Knock Off|[of] p1b: Incineroar\n|\n|upkeep\n|\n|t:|1733763982\n|switch|p1a: Ursaluna|Ursaluna-Bloodmoon, L50, M|100\/100\n|turn|3\n|inactive|freeeds has 30 seconds left.\n|\n|t:|1733764008\n|move|p1a: Ursaluna|Protect|p1a: Ursaluna\n|-singleturn|p1a: Ursaluna|Protect\n|move|p2a: Dragonite|Scale Shot|p1b: Incineroar\n|-damage|p1b: Incineroar|69\/100\n|-damage|p1b: Incineroar|57\/100\n|-damage|p1b: Incineroar|45\/100\n|-damage|p1b: Incineroar|33\/100\n|-hitcount|p1b: Incineroar|4\n|-unboost|p2a: Dragonite|def|1\n|-boost|p2a: Dragonite|spe|1\n|move|p1b: Incineroar|Parting Shot|p2a: Dragonite\n|-unboost|p2a: Dragonite|atk|1\n|-unboost|p2a: Dragonite|spa|1\n|\n|t:|1733764016\n|switch|p1b: Dragonite|Dragonite, L50, F|100\/100|[from] Parting Shot\n|move|p2b: Amoonguss|Spore|p1a: Ursaluna\n|-activate|p1a: Ursaluna|move: Protect\n|\n|upkeep\n|turn|4\n|inactive|freeeds has 30 seconds left.\n|inactive|freeeds has 20 seconds left.\n|inactive|freeeds has 15 seconds left.\n|inactive|freeeds has 10 seconds left.\n|inactive|freeeds has 5 seconds left.\n|\n|t:|1733764069\n|switch|p1b: Incineroar|Incineroar, L50, M, tera:Ghost|33\/100\n|-ability|p1b: Incineroar|Intimidate|boost\n|-unboost|p2a: Dragonite|atk|1\n|-unboost|p2b: Amoonguss|atk|1\n|move|p2a: Dragonite|Scale Shot|p1b: Incineroar\n|-damage|p1b: Incineroar|25\/100\n|-damage|p1b: Incineroar|19\/100\n|-hitcount|p1b: Incineroar|2\n|-unboost|p2a: Dragonite|def|1\n|-boost|p2a: Dragonite|spe|1\n|move|p1a: Ursaluna|Blood Moon|p2b: Amoonguss\n|-damage|p2b: Amoonguss|0 fnt\n|faint|p2b: Amoonguss\n|\n|upkeep\n|\n|t:|1733764087\n|switch|p2b: Sneasler|Sneasler, L50, M|100\/100\n|turn|5\n|\n|t:|1733764111\n|switch|p2a: Incineroar|Incineroar, L50, F|100\/100\n|-ability|p2a: Incineroar|Intimidate|boost\n|-unboost|p1a: Ursaluna|atk|1\n|-unboost|p1b: Incineroar|atk|1\n|move|p1b: Incineroar|Fake Out|p2b: Sneasler\n|-damage|p2b: Sneasler|88\/100\n|cant|p2b: Sneasler|flinch\n|move|p1a: Ursaluna|Earth Power|p2b: Sneasler\n|-supereffective|p2b: Sneasler\n|-damage|p2b: Sneasler|0 fnt\n|faint|p2b: Sneasler\n|\n|upkeep\n|\n|t:|1733764118\n|switch|p2b: Dragonite|Dragonite, L50, F|84\/100\n|turn|6\n|inactive|zugasteam has 30 seconds left.\n|\n|t:|1733764143\n|switch|p1b: Dragonite|Dragonite, L50, F|100\/100\n|move|p1a: Ursaluna|Protect|p1a: Ursaluna\n|-singleturn|p1a: Ursaluna|Protect\n|move|p2a: Incineroar|Fake Out|p1a: Ursaluna\n|-activate|p1a: Ursaluna|move: Protect\n|move|p2b: Dragonite|Scale Shot|p1b: Dragonite\n|-supereffective|p1b: Dragonite\n|-damage|p1b: Dragonite|88\/100\n|-supereffective|p1b: Dragonite\n|-damage|p1b: Dragonite|60\/100\n|-supereffective|p1b: Dragonite\n|-damage|p1b: Dragonite|32\/100\n|-hitcount|p1b: Dragonite|3\n|-unboost|p2b: Dragonite|def|1\n|-boost|p2b: Dragonite|spe|1\n|\n|upkeep\n|turn|7\n|inactive|freeeds has 30 seconds left.\n|\n|t:|1733764178\n|switch|p1b: Incineroar|Incineroar, L50, M, tera:Ghost|19\/100\n|-ability|p1b: Incineroar|Intimidate|boost\n|-unboost|p2a: Incineroar|atk|1\n|-unboost|p2b: Dragonite|atk|1\n|-terastallize|p2b: Dragonite|Fairy\n|move|p2b: Dragonite|Scale Shot|p1a: Ursaluna\n|-damage|p1a: Ursaluna|93\/100\n|-damage|p1a: Ursaluna|85\/100\n|-damage|p1a: Ursaluna|78\/100\n|-hitcount|p1a: Ursaluna|3\n|-unboost|p2b: Dragonite|def|1\n|-boost|p2b: Dragonite|spe|1\n|move|p1a: Ursaluna|Blood Moon|p2b: Dragonite\n|-damage|p2b: Dragonite|0 fnt\n|faint|p2b: Dragonite\n|move|p2a: Incineroar|Flare Blitz|p1a: Ursaluna\n|-damage|p1a: Ursaluna|50\/100\n|-damage|p2a: Incineroar|91\/100|[from] Recoil\n|\n|-heal|p1a: Ursaluna|56\/100|[from] item: Leftovers\n|upkeep\n|turn|8\n|-message|freeeds forfeited.\n|\n|win|zugasteam\n|raw|zugasteam's rating: 1700 &rarr; <strong>1720<\/strong><br \/>(+20 for winning)\n|raw|freeeds's rating: 1692 &rarr; <strong>1672<\/strong><br \/>(-20 for losing)\n|l|\u2606freeeds\n|player|p2|\n|l|\u2606zugasteam\n|player|p1|\n|l| merdacapeta\n","uploadtime":1733764422,"views":13,"formatid":"gen9vgc2024regh","rating":1672,"private":0,"password":null}