{"id":"gen9vgc2024regh-2259989024","format":"[Gen 9] VGC 2024 Reg H","players":["futonkagebunshin","Brave12223"],"log":"|j|\u2606futonkagebunshin\n|j|\u2606Brave12223\n|t:|1733788079\n|gametype|doubles\n|player|p1|futonkagebunshin|policeman-gen4|1736\n|player|p2|Brave12223|colress|1718\n|teamsize|p1|6\n|teamsize|p2|6\n|gen|9\n|tier|[Gen 9] VGC 2024 Reg H\n|rated|\n|rule|Species Clause: Limit one of each Pok\u00e9mon\n|rule|Item Clause: Limit 1 of each item\n|clearpoke\n|poke|p1|Ribombee, L50, F|\n|poke|p1|Flamigo, L50, M|\n|poke|p1|Archaludon, L50, F|\n|poke|p1|Primarina, L50, M|\n|poke|p1|Chandelure, L50, F|\n|poke|p1|Serperior, L50, F|\n|poke|p2|Gholdengo, L50|\n|poke|p2|Archaludon, L50, F|\n|poke|p2|Basculegion, L50, M|\n|poke|p2|Pelipper, L50, F|\n|poke|p2|Maushold, L50|\n|poke|p2|Amoonguss, L50, M|\n|teampreview|4\n|inactive|Battle timer is ON: inactive players will automatically lose when time's up. (requested by Brave12223)\n|inactive|futonkagebunshin has 60 seconds left.\n|\n|t:|1733788131\n|start\n|switch|p1a: Ribombee|Ribombee, L50, F|100\/100\n|switch|p1b: Primarina|Primarina, L50, M|100\/100\n|switch|p2a: Pelipper|Pelipper, L50, F|100\/100\n|switch|p2b: Amoonguss|Amoonguss, L50, M|100\/100\n|-weather|RainDance|[from] ability: Drizzle|[of] p2a: Pelipper\n|turn|1\n|\n|t:|1733788155\n|move|p1a: Ribombee|Fake Tears|p2b: Amoonguss\n|-unboost|p2b: Amoonguss|spd|2\n|move|p2a: Pelipper|Tailwind|p2a: Pelipper\n|-sidestart|p2: Brave12223|move: Tailwind\n|move|p1b: Primarina|Ice Beam|p2b: Amoonguss\n|-supereffective|p2b: Amoonguss\n|-damage|p2b: Amoonguss|0 fnt\n|faint|p2b: Amoonguss\n|-damage|p1b: Primarina|91\/100|[from] item: Life Orb\n|\n|-weather|RainDance|[upkeep]\n|upkeep\n|\n|t:|1733788164\n|switch|p2b: Archaludon|Archaludon, L50, F|100\/100\n|turn|2\n|\n|t:|1733788185\n|move|p2a: Pelipper|Hurricane|p1a: Ribombee\n|-supereffective|p1a: Ribombee\n|-enditem|p1a: Ribombee|Focus Sash\n|-damage|p1a: Ribombee|1\/100\n|move|p2b: Archaludon|Electro Shot||[still]\n|-prepare|p2b: Archaludon|Electro Shot\n|-boost|p2b: Archaludon|spa|1\n|-anim|p2b: Archaludon|Electro Shot|p1a: Ribombee\n|-damage|p1a: Ribombee|0 fnt\n|faint|p1a: Ribombee\n|move|p1b: Primarina|Hyper Voice|p2b: Archaludon|[spread] p2a,p2b\n|-resisted|p2a: Pelipper\n|-resisted|p2b: Archaludon\n|-crit|p2b: Archaludon\n|-damage|p2a: Pelipper|34\/100\n|-damage|p2b: Archaludon|66\/100\n|-ability|p2b: Archaludon|Stamina|boost\n|-boost|p2b: Archaludon|def|1\n|-damage|p1b: Primarina|81\/100|[from] item: Life Orb\n|\n|-weather|RainDance|[upkeep]\n|upkeep\n|\n|t:|1733788196\n|switch|p1a: Archaludon|Archaludon, L50, F|100\/100\n|turn|3\n|\n|t:|1733788207\n|move|p1a: Archaludon|Protect|p1a: Archaludon\n|-singleturn|p1a: Archaludon|Protect\n|move|p1b: Primarina|Protect|p1b: Primarina\n|-singleturn|p1b: Primarina|Protect\n|move|p2a: Pelipper|Weather Ball|p1a: Archaludon\n|-activate|p1a: Archaludon|move: Protect\n|move|p2b: Archaludon|Draco Meteor|p1a: Archaludon\n|-activate|p1a: Archaludon|move: Protect\n|\n|-weather|RainDance|[upkeep]\n|upkeep\n|turn|4\n|inactive|futonkagebunshin has 30 seconds left.\n|j| plplk\n|inactive|futonkagebunshin has 20 seconds left.\n|inactive|futonkagebunshin has 15 seconds left.\n|inactive|futonkagebunshin has 10 seconds left.\n|inactive|futonkagebunshin has 5 seconds left.\n|\n|t:|1733788258\n|switch|p1a: Flamigo|Flamigo, L50, M|100\/100\n|move|p2a: Pelipper|Hurricane|p1a: Flamigo\n|-supereffective|p1a: Flamigo\n|-damage|p1a: Flamigo|0 fnt\n|faint|p1a: Flamigo\n|move|p2b: Archaludon|Draco Meteor|p1b: Primarina\n|-immune|p1b: Primarina\n|move|p1b: Primarina|Hyper Voice|p2a: Pelipper|[spread] p2a,p2b\n|-resisted|p2a: Pelipper\n|-resisted|p2b: Archaludon\n|-damage|p2a: Pelipper|0 fnt\n|-damage|p2b: Archaludon|39\/100\n|-ability|p2b: Archaludon|Stamina|boost\n|-boost|p2b: Archaludon|def|1\n|faint|p2a: Pelipper\n|-damage|p1b: Primarina|72\/100|[from] item: Life Orb\n|\n|-weather|RainDance|[upkeep]\n|-sideend|p2: Brave12223|move: Tailwind\n|upkeep\n|\n|t:|1733788267\n|switch|p2a: Basculegion|Basculegion, L50, M|100\/100\n|switch|p1a: Archaludon|Archaludon, L50, F|100\/100\n|turn|5\n|inactive|futonkagebunshin has 30 seconds left.\n|\n|t:|1733788299\n|move|p1a: Archaludon|Protect|p1a: Archaludon\n|-singleturn|p1a: Archaludon|Protect\n|move|p1b: Primarina|Protect|p1b: Primarina\n|-singleturn|p1b: Primarina|Protect\n|move|p2a: Basculegion|Last Respects|p1a: Archaludon\n|-activate|p1a: Archaludon|move: Protect\n|move|p2b: Archaludon|Electro Shot||[still]\n|-prepare|p2b: Archaludon|Electro Shot\n|-boost|p2b: Archaludon|spa|1\n|-anim|p2b: Archaludon|Electro Shot|p1b: Primarina\n|-activate|p1b: Primarina|move: Protect\n|\n|-weather|none\n|upkeep\n|turn|6\n|\n|t:|1733788322\n|-terastallize|p1a: Archaludon|Stellar\n|-terastallize|p2a: Basculegion|Grass\n|move|p1a: Archaludon|Electro Shot||[still]\n|-prepare|p1a: Archaludon|Electro Shot\n|-boost|p1a: Archaludon|spa|1\n|-enditem|p1a: Archaludon|Power Herb\n|-anim|p1a: Archaludon|Electro Shot|p2a: Basculegion\n|-resisted|p2a: Basculegion\n|-damage|p2a: Basculegion|54\/100\n|move|p2a: Basculegion|Last Respects|p1a: Archaludon\n|-damage|p1a: Archaludon|1\/100\n|move|p2b: Archaludon|Draco Meteor|p1a: Archaludon\n|-damage|p1a: Archaludon|0 fnt\n|-unboost|p2b: Archaludon|spa|2\n|faint|p1a: Archaludon\n|move|p1b: Primarina|Moonblast|p2b: Archaludon\n|-damage|p2b: Archaludon|0 fnt\n|faint|p2b: Archaludon\n|-damage|p1b: Primarina|62\/100|[from] item: Life Orb\n|\n|upkeep\n|turn|7\n|inactive|futonkagebunshin has 30 seconds left.\n|\n|t:|1733788349\n|move|p1b: Primarina|Protect|p1b: Primarina\n|-singleturn|p1b: Primarina|Protect\n|move|p2a: Basculegion|Last Respects|p1b: Primarina\n|-activate|p1b: Primarina|move: Protect\n|\n|upkeep\n|turn|8\n|\n|t:|1733788352\n|move|p2a: Basculegion|Last Respects|p1b: Primarina\n|-damage|p1b: Primarina|0 fnt\n|faint|p1b: Primarina\n|\n|win|Brave12223\n|raw|futonkagebunshin's rating: 1736 &rarr; <strong>1715<\/strong><br \/>(-21 for losing)\n|raw|Brave12223's rating: 1718 &rarr; <strong>1739<\/strong><br \/>(+21 for winning)\n|l|\u2606Brave12223\n|player|p2|\n|l|\u2606futonkagebunshin\n|player|p1|\n","uploadtime":1733788491,"views":19,"formatid":"gen9vgc2024regh","rating":1715,"private":0,"password":null}