{"id":"gen9vgc2024regh-2259187936","format":"[Gen 9] VGC 2024 Reg H","players":["Mildly Displeased","dex2299"],"log":"|j|\u2606Mildly Displeased\n|j|\u203ddex2299\n|t:|1733683029\n|gametype|doubles\n|player|p1|Mildly Displeased|lillie|1737\n|player|p2|dex2299|169|1803\n|teamsize|p1|6\n|teamsize|p2|6\n|gen|9\n|tier|[Gen 9] VGC 2024 Reg H\n|rated|\n|rule|Species Clause: Limit one of each Pok\u00e9mon\n|rule|Item Clause: Limit 1 of each item\n|clearpoke\n|poke|p1|Primarina, L50, F|\n|poke|p1|Scizor, L50, F|\n|poke|p1|Basculegion, L50, M|\n|poke|p1|Archaludon, L50, M|\n|poke|p1|Mienshao, L50, M|\n|poke|p1|Pelipper, L50, M|\n|poke|p2|Whimsicott, L50, M|\n|poke|p2|Typhlosion-Hisui, L50, F|\n|poke|p2|Farigiraf, L50, M|\n|poke|p2|Rillaboom, L50, F|\n|poke|p2|Primarina, L50, F|\n|poke|p2|Incineroar, L50, F|\n|teampreview|4\n|inactive|Battle timer is ON: inactive players will automatically lose when time's up. (requested by Mildly Displeased)\nMildly Displeased rejected open team sheets.\n|\n|t:|1733683073\n|start\n|switch|p1a: BigMeatyClaws|Scizor, L50, F|100\/100\n|switch|p1b: Beak bum|Pelipper, L50, M|100\/100\n|switch|p2a: Farigiraf|Farigiraf, L50, M|100\/100\n|switch|p2b: Rillaboom|Rillaboom, L50, F|100\/100\n|-fieldstart|move: Grassy Terrain|[from] ability: Grassy Surge|[of] p2b: Rillaboom\n|-weather|RainDance|[from] ability: Drizzle|[of] p1b: Beak bum\n|turn|1\n|\n|t:|1733683095\n|move|p2b: Rillaboom|U-turn|p1b: Beak bum\n|-resisted|p1b: Beak bum\n|-damage|p1b: Beak bum|88\/100\n|\n|t:|1733683098\n|switch|p2b: Incineroar|Incineroar, L50, F|100\/100|[from] U-turn\n|-ability|p2b: Incineroar|Intimidate|boost\n|-unboost|p1a: BigMeatyClaws|atk|1\n|-unboost|p1b: Beak bum|atk|1\n|move|p1a: BigMeatyClaws|Bug Bite|p2a: Farigiraf\n|-supereffective|p2a: Farigiraf\n|-damage|p2a: Farigiraf|26\/100\n|-enditem|p2a: Farigiraf|Sitrus Berry|[from] stealeat|[move] Bug Bite|[of] p1a: BigMeatyClaws\n|move|p1b: Beak bum|Hurricane|p2b: Incineroar\n|-damage|p2b: Incineroar|51\/100\n|move|p2a: Farigiraf|Trick Room|p2a: Farigiraf\n|-fieldstart|move: Trick Room|[of] p2a: Farigiraf\n|\n|-weather|RainDance|[upkeep]\n|-heal|p2a: Farigiraf|32\/100|[from] Grassy Terrain\n|-heal|p2b: Incineroar|57\/100|[from] Grassy Terrain\n|upkeep\n|turn|2\n|\n|t:|1733683120\n|move|p2a: Farigiraf|Psychic|p1b: Beak bum\n|-damage|p1b: Beak bum|32\/100\n|move|p2b: Incineroar|Knock Off|p1b: Beak bum\n|-damage|p1b: Beak bum|0 fnt\n|-enditem|p1b: Beak bum|Sharp Beak|[from] move: Knock Off|[of] p2b: Incineroar\n|faint|p1b: Beak bum\n|move|p1a: BigMeatyClaws|Bug Bite|p2a: Farigiraf\n|-supereffective|p2a: Farigiraf\n|-damage|p2a: Farigiraf|0 fnt\n|faint|p2a: Farigiraf\n|\n|-weather|RainDance|[upkeep]\n|-heal|p2b: Incineroar|63\/100|[from] Grassy Terrain\n|upkeep\n|\n|t:|1733683129\n|switch|p2a: Primarina|Primarina, L50, F|100\/100\n|switch|p1b: Noodle Arms|Mienshao, L50, M|100\/100\n|turn|3\n|\n|t:|1733683145\n|move|p1b: Noodle Arms|Fake Out|p2a: Primarina\n|-damage|p2a: Primarina|85\/100\n|cant|p2a: Primarina|flinch\n|move|p2b: Incineroar|Knock Off|p1b: Noodle Arms\n|-resisted|p1b: Noodle Arms\n|-damage|p1b: Noodle Arms|66\/100\n|-enditem|p1b: Noodle Arms|Focus Sash|[from] move: Knock Off|[of] p2b: Incineroar\n|move|p1a: BigMeatyClaws|Dual Wingbeat|p2a: Primarina\n|-damage|p2a: Primarina|68\/100\n|-damage|p2a: Primarina|49\/100\n|-hitcount|p2a: Primarina|2\n|\n|-weather|RainDance|[upkeep]\n|-heal|p2a: Primarina|55\/100|[from] Grassy Terrain\n|-heal|p2b: Incineroar|69\/100|[from] Grassy Terrain\n|-heal|p1b: Noodle Arms|71\/100|[from] Grassy Terrain\n|upkeep\n|turn|4\n|j| Byron Gym Leader\n|j| Yaaourt\n|\n|t:|1733683161\n|move|p1a: BigMeatyClaws|Bullet Punch|p2a: Primarina\n|-damage|p2a: Primarina|25\/100\n|move|p2b: Incineroar|Flare Blitz|p1a: BigMeatyClaws\n|-supereffective|p1a: BigMeatyClaws\n|-damage|p1a: BigMeatyClaws|12\/100\n|-damage|p2b: Incineroar|44\/100|[from] Recoil\n|move|p2a: Primarina|Hyper Voice|p1b: Noodle Arms|[spread] p1a,p1b\n|-damage|p1a: BigMeatyClaws|0 fnt\n|-damage|p1b: Noodle Arms|0 fnt\n|faint|p1a: BigMeatyClaws\n|faint|p1b: Noodle Arms\n|-damage|p2a: Primarina|16\/100|[from] item: Life Orb\n|\n|-weather|RainDance|[upkeep]\n|-heal|p2b: Incineroar|50\/100|[from] Grassy Terrain\n|-heal|p2a: Primarina|22\/100|[from] Grassy Terrain\n|upkeep\n|\n|t:|1733683166\n|switch|p1b: Shirley BASSey|Primarina, L50, F, shiny|100\/100\n|turn|5\n|\n|t:|1733683179\n|-terastallize|p1b: Shirley BASSey|Water\n|move|p2a: Primarina|Protect|p2a: Primarina\n|-singleturn|p2a: Primarina|Protect\n|move|p1b: Shirley BASSey|Hyper Voice|p2a: Primarina|[spread] p2b\n|-activate|p2a: Primarina|move: Protect\n|-supereffective|p2b: Incineroar\n|-damage|p2b: Incineroar|0 fnt\n|faint|p2b: Incineroar\n|-enditem|p1b: Shirley BASSey|Throat Spray\n|-boost|p1b: Shirley BASSey|spa|1|[from] item: Throat Spray\n|\n|-weather|none\n|-heal|p2a: Primarina|28\/100|[from] Grassy Terrain\n|-fieldend|move: Trick Room\n|-fieldend|move: Grassy Terrain\n|upkeep\n|\n|t:|1733683189\n|switch|p2b: Rillaboom|Rillaboom, L50, F|100\/100\n|-fieldstart|move: Grassy Terrain|[from] ability: Grassy Surge|[of] p2b: Rillaboom\n|turn|6\n|\n|t:|1733683203\n|move|p2b: Rillaboom|Fake Out|p1b: Shirley BASSey\n|-damage|p1b: Shirley BASSey|83\/100\n|move|p2a: Primarina|Moonblast|p1b: Shirley BASSey\n|-damage|p1b: Shirley BASSey|30\/100\n|-damage|p2a: Primarina|18\/100|[from] item: Life Orb\n|cant|p1b: Shirley BASSey|flinch\n|\n|-heal|p2a: Primarina|24\/100|[from] Grassy Terrain\n|-heal|p1b: Shirley BASSey|36\/100|[from] Grassy Terrain\n|upkeep\n|turn|7\n|inactive|Mildly Displeased has 30 seconds left.\n|\n|t:|1733683230\n|-terastallize|p2b: Rillaboom|Grass\n|move|p2b: Rillaboom|Grassy Glide|p1b: Shirley BASSey\n|-supereffective|p1b: Shirley BASSey\n|-damage|p1b: Shirley BASSey|0 fnt\n|faint|p1b: Shirley BASSey\n|\n|win|dex2299\n|raw|Mildly Displeased's rating: 1737 &rarr; <strong>1721<\/strong><br \/>(-16 for losing)\n|raw|dex2299's rating: 1803 &rarr; <strong>1819<\/strong><br \/>(+16 for winning)\n|l|\u203ddex2299\n|player|p2|\n|l| Byron Gym Leader\n|l| Yaaourt\n|l|\u2606Mildly Displeased\n|player|p1|\n","uploadtime":1733683494,"views":16,"formatid":"gen9vgc2024regh","rating":1721,"private":0,"password":null}