{"id":"gen9vgc2024regh-2259100354","format":"[Gen 9] VGC 2024 Reg H","players":["Azure-Saffron","Snow48691412"],"log":"|j|\u2606Azure-Saffron\n|j|\u2606Snow48691412\n|t:|1733671798\n|gametype|doubles\n|player|p1|Azure-Saffron|sabrina-masters|1676\n|player|p2|Snow48691412|hilbert|1698\n|teamsize|p1|6\n|teamsize|p2|6\n|gen|9\n|tier|[Gen 9] VGC 2024 Reg H\n|rated|\n|rule|Species Clause: Limit one of each Pok\u00e9mon\n|rule|Item Clause: Limit 1 of each item\n|clearpoke\n|poke|p1|Kleavor, L50, F|\n|poke|p1|Sneasler, L50, M|\n|poke|p1|Indeedee, L50, M|\n|poke|p1|Dragapult, L50, M|\n|poke|p1|Archaludon, L50, F|\n|poke|p1|Ursaluna-Bloodmoon, L50, M|\n|poke|p2|Volcarona, L50, F|\n|poke|p2|Basculegion, L50, M|\n|poke|p2|Rillaboom, L50, M|\n|poke|p2|Ninetales-Alola, L50, F|\n|poke|p2|Incineroar, L50, F|\n|poke|p2|Kingambit, L50, M|\n|teampreview|4\n|inactive|Battle timer is ON: inactive players will automatically lose when time's up. (requested by Azure-Saffron)\n|\n|t:|1733671824\n|start\n|switch|p1a: Kleavor|Kleavor, L50, F, shiny|100\/100\n|switch|p1b: Dragapult|Dragapult, L50, M|100\/100\n|switch|p2a: Incineroar|Incineroar, L50, F|100\/100\n|switch|p2b: Basculegion|Basculegion, L50, M|100\/100\n|-ability|p2a: Incineroar|Intimidate|boost\n|-unboost|p1a: Kleavor|atk|1\n|-fail|p1b: Dragapult|unboost|[from] ability: Clear Body|[of] p1b: Dragapult\n|turn|1\n|\n|t:|1733671846\n|switch|p1b: Indeedee|Indeedee, L50, M|100\/100\n|-fieldstart|move: Psychic Terrain|[from] ability: Psychic Surge|[of] p1b: Indeedee\n|move|p2b: Basculegion|Flip Turn|p1a: Kleavor\n|-supereffective|p1a: Kleavor\n|-enditem|p1a: Kleavor|Focus Sash\n|-damage|p1a: Kleavor|1\/100\n|\n|t:|1733671854\n|switch|p2b: Volcarona|Volcarona, L50, F|100\/100|[from] Flip Turn\n|move|p1a: Kleavor|Tailwind|p1a: Kleavor\n|-sidestart|p1: Azure-Saffron|move: Tailwind\n|move|p2a: Incineroar|Knock Off|p1b: Indeedee\n|-supereffective|p1b: Indeedee\n|-damage|p1b: Indeedee|0 fnt\n|-enditem|p1b: Indeedee|Choice Scarf|[from] move: Knock Off|[of] p2a: Incineroar\n|faint|p1b: Indeedee\n|\n|upkeep\n|\n|t:|1733671862\n|switch|p1b: Dragapult|Dragapult, L50, M|100\/100\n|turn|2\n|inactive|Snow48691412 has 30 seconds left.\n|inactive|Snow48691412 has 20 seconds left.\n|inactive|Snow48691412 has 15 seconds left.\n|j| TreadwayKeira\n|inactive|Snow48691412 has 10 seconds left.\n|inactive|Snow48691412 has 5 seconds left.\n|\n|t:|1733671916\n|-terastallize|p2b: Volcarona|Fairy\n|move|p1b: Dragapult|Phantom Force||[still]\n|-prepare|p1b: Dragapult|Phantom Force\n|move|p1a: Kleavor|Stone Axe|p2b: Volcarona\n|-damage|p2b: Volcarona|61\/100\n|-sidestart|p2: Snow48691412|move: Stealth Rock\n|move|p2b: Volcarona|Quiver Dance|p2b: Volcarona\n|-boost|p2b: Volcarona|spa|1\n|-boost|p2b: Volcarona|spd|1\n|-boost|p2b: Volcarona|spe|1\n|move|p2a: Incineroar|Parting Shot|p1a: Kleavor\n|-unboost|p1a: Kleavor|atk|1\n|-unboost|p1a: Kleavor|spa|1\n|\n|t:|1733671931\n|switch|p2a: Rillaboom|Rillaboom, L50, M|100\/100|[from] Parting Shot\n|-damage|p2a: Rillaboom|88\/100|[from] Stealth Rock\n|-fieldstart|move: Grassy Terrain|[from] ability: Grassy Surge|[of] p2a: Rillaboom\n|\n|-heal|p1a: Kleavor|7\/100|[from] Grassy Terrain\n|-heal|p2b: Volcarona|67\/100|[from] Grassy Terrain\n|-heal|p2a: Rillaboom|94\/100|[from] Grassy Terrain\n|upkeep\n|turn|3\n|inactive|Snow48691412 has 30 seconds left.\n|j| GooglePay\n|\n|t:|1733671957\n|switch|p2b: Incineroar|Incineroar, L50, F|100\/100\n|-damage|p2b: Incineroar|76\/100|[from] Stealth Rock\n|-ability|p2b: Incineroar|Intimidate|boost\n|-unboost|p1a: Kleavor|atk|1\n|-fail|p1b: Dragapult|unboost|[from] ability: Clear Body|[of] p1b: Dragapult\n|move|p1b: Dragapult|Phantom Force|p2b: Incineroar|[from]lockedmove\n|-resisted|p2b: Incineroar\n|-damage|p2b: Incineroar|46\/100\n|move|p1a: Kleavor|X-Scissor|p2a: Rillaboom\n|-supereffective|p2a: Rillaboom\n|-crit|p2a: Rillaboom\n|-damage|p2a: Rillaboom|0 fnt\n|faint|p2a: Rillaboom\n|\n|-heal|p1a: Kleavor|14\/100|[from] Grassy Terrain\n|-heal|p2b: Incineroar|52\/100|[from] Grassy Terrain\n|upkeep\n|j| lil_smol_froggy\n|\n|t:|1733671981\n|switch|p2a: Basculegion|Basculegion, L50, M|100\/100\n|-damage|p2a: Basculegion|88\/100|[from] Stealth Rock\n|turn|4\n|l| lil_smol_froggy\n|\n|t:|1733671999\n|move|p2b: Incineroar|Fake Out|p1a: Kleavor\n|-resisted|p1a: Kleavor\n|-damage|p1a: Kleavor|7\/100\n|move|p1b: Dragapult|Phantom Force||[still]\n|-prepare|p1b: Dragapult|Phantom Force\n|cant|p1a: Kleavor|flinch\n|move|p2a: Basculegion|Flip Turn|p1a: Kleavor\n|-supereffective|p1a: Kleavor\n|-damage|p1a: Kleavor|0 fnt\n|faint|p1a: Kleavor\n|\n|t:|1733672009\n|switch|p2a: Volcarona|Volcarona, L50, F, tera:Fairy|67\/100|[from] Flip Turn\n|-damage|p2a: Volcarona|55\/100|[from] Stealth Rock\n|\n|-heal|p2a: Volcarona|61\/100|[from] Grassy Terrain\n|-heal|p2b: Incineroar|58\/100|[from] Grassy Terrain\n|-sideend|p1: Azure-Saffron|move: Tailwind\n|upkeep\n|\n|t:|1733672016\n|switch|p1a: Sneasler|Sneasler, L50, M|100\/100\n|turn|5\n|inactive|Snow48691412 has 30 seconds left.\n|\n|t:|1733672042\n|move|p1b: Dragapult|Phantom Force|p2a: Volcarona|[from]lockedmove\n|-damage|p2a: Volcarona|0 fnt\n|-status|p1b: Dragapult|brn|[from] ability: Flame Body|[of] p2a: Volcarona\n|faint|p2a: Volcarona\n|move|p1a: Sneasler|Close Combat|p2b: Incineroar\n|-supereffective|p2b: Incineroar\n|-damage|p2b: Incineroar|0 fnt\n|-unboost|p1a: Sneasler|def|1\n|-unboost|p1a: Sneasler|spd|1\n|faint|p2b: Incineroar\n|\n|-damage|p1b: Dragapult|94\/100 brn|[from] brn\n|upkeep\n|\n|t:|1733672057\n|switch|p2a: Basculegion|Basculegion, L50, M|88\/100\n|-damage|p2a: Basculegion|76\/100|[from] Stealth Rock\n|turn|6\n|l| TreadwayKeira\n|\n|t:|1733672064\n|-terastallize|p1a: Sneasler|Stellar\n|move|p2a: Basculegion|Last Respects|p1b: Dragapult\n|-supereffective|p1b: Dragapult\n|-damage|p1b: Dragapult|0 fnt\n|faint|p1b: Dragapult\n|move|p1a: Sneasler|Dire Claw|p2a: Basculegion\n|-resisted|p2a: Basculegion\n|-damage|p2a: Basculegion|42\/100\n|-status|p2a: Basculegion|slp\n|\n|-heal|p2a: Basculegion|48\/100 slp|[from] Grassy Terrain\n|-fieldend|move: Grassy Terrain\n|upkeep\n|turn|7\n|-message|Snow48691412 forfeited.\n|\n|win|Azure-Saffron\n|raw|Azure-Saffron's rating: 1676 &rarr; <strong>1697<\/strong><br \/>(+21 for winning)\n|raw|Snow48691412's rating: 1698 &rarr; <strong>1677<\/strong><br \/>(-21 for losing)\n|l|\u2606Snow48691412\n|player|p2|\n|l| GooglePay\n|l|\u2606Azure-Saffron\n|player|p1|\n","uploadtime":1733672097,"views":17,"formatid":"gen9vgc2024regh","rating":1677,"private":0,"password":null}