{"id":"gen9vgc2024regh-2259313535","format":"[Gen 9] VGC 2024 Reg H","players":["chiitancrazymascot","Mildly Displeased"],"log":"|j|\u2606chiitancrazymascot\n|j|\u2606Mildly Displeased\n|t:|1733698056\n|gametype|doubles\n|player|p1|chiitancrazymascot|pokemaniac|1826\n|player|p2|Mildly Displeased|dawn|1740\n|teamsize|p1|6\n|teamsize|p2|6\n|gen|9\n|tier|[Gen 9] VGC 2024 Reg H\n|rated|\n|rule|Species Clause: Limit one of each Pok\u00e9mon\n|rule|Item Clause: Limit 1 of each item\n|clearpoke\n|poke|p1|Annihilape, L50, M|\n|poke|p1|Dondozo, L50, M|\n|poke|p1|Maushold-Four, L50|\n|poke|p1|Gholdengo, L50|\n|poke|p1|Whimsicott, L50, M|\n|poke|p1|Tatsugiri, L50, F|\n|poke|p2|Primarina, L50, F|\n|poke|p2|Scizor, L50, M|\n|poke|p2|Basculegion, L50, M|\n|poke|p2|Archaludon, L50, M|\n|poke|p2|Mienshao, L50, F|\n|poke|p2|Pelipper, L50, F|\n|teampreview|4\n|inactive|Battle timer is ON: inactive players will automatically lose when time's up. (requested by chiitancrazymascot)\n|\n|t:|1733698078\n|start\n|switch|p1a: Whimsicott|Whimsicott, L50, M, shiny|100\/100\n|switch|p1b: Gholdengo|Gholdengo, L50, shiny|100\/100\n|switch|p2a: Beak bum|Pelipper, L50, F|100\/100\n|switch|p2b: The Shard|Archaludon, L50, M|100\/100\n|-weather|RainDance|[from] ability: Drizzle|[of] p2a: Beak bum\n|turn|1\n|\n|t:|1733698092\n|move|p1a: Whimsicott|Tailwind|p1a: Whimsicott\n|-sidestart|p1: chiitancrazymascot|move: Tailwind\n|move|p1b: Gholdengo|Make It Rain|p2a: Beak bum|[spread] p2a,p2b\n|-resisted|p2a: Beak bum\n|-resisted|p2b: The Shard\n|-damage|p2a: Beak bum|41\/100\n|-damage|p2b: The Shard|61\/100\n|-unboost|p1b: Gholdengo|spa|1\n|-ability|p2b: The Shard|Stamina|boost\n|-boost|p2b: The Shard|def|1\n|move|p2b: The Shard|Electro Shot||[still]\n|-prepare|p2b: The Shard|Electro Shot\n|-boost|p2b: The Shard|spa|1\n|-anim|p2b: The Shard|Electro Shot|p1b: Gholdengo\n|-damage|p1b: Gholdengo|16\/100\n|move|p2a: Beak bum|Tailwind|p2a: Beak bum\n|-sidestart|p2: Mildly Displeased|move: Tailwind\n|\n|-weather|RainDance|[upkeep]\n|upkeep\n|turn|2\n|\n|t:|1733698112\n|move|p2a: Beak bum|Wide Guard|p2a: Beak bum\n|-singleturn|p2a: Beak bum|Wide Guard\n|move|p1a: Whimsicott|Light Screen|p1a: Whimsicott\n|-sidestart|p1: chiitancrazymascot|move: Light Screen\n|move|p1b: Gholdengo|Make It Rain|p2a: Beak bum|[spread] \n|-activate|p2a: Beak bum|move: Wide Guard\n|-activate|p2b: The Shard|move: Wide Guard\n|move|p2b: The Shard|Flash Cannon|p1a: Whimsicott\n|-supereffective|p1a: Whimsicott\n|-damage|p1a: Whimsicott|0 fnt\n|faint|p1a: Whimsicott\n|\n|-weather|RainDance|[upkeep]\n|upkeep\n|\n|t:|1733698115\n|switch|p1a: Dondozo|Dondozo, L50, M, shiny|100\/100\n|turn|3\n|\n|t:|1733698128\n|switch|p1b: Tatsugiri|Tatsugiri, L50, F, shiny|100\/100\n|-activate|p1b: Tatsugiri|ability: Commander|[of] p1a: Dondozo\n|-boost|p1a: Dondozo|atk|2\n|-boost|p1a: Dondozo|spa|2\n|-boost|p1a: Dondozo|spe|2\n|-boost|p1a: Dondozo|def|2\n|-boost|p1a: Dondozo|spd|2\n|-terastallize|p2b: The Shard|Flying\n|-terastallize|p1a: Dondozo|Grass\n|move|p1a: Dondozo|Order Up|p2a: Beak bum\n|-damage|p2a: Beak bum|0 fnt\n|faint|p2a: Beak bum\n|-boost|p1a: Dondozo|atk|1\n|move|p2b: The Shard|Electro Shot||[still]\n|-prepare|p2b: The Shard|Electro Shot\n|-boost|p2b: The Shard|spa|1\n|-anim|p2b: The Shard|Electro Shot|p1a: Dondozo\n|-resisted|p1a: Dondozo\n|-damage|p1a: Dondozo|92\/100\n|\n|-weather|RainDance|[upkeep]\n|-heal|p1a: Dondozo|99\/100|[from] item: Leftovers\n|upkeep\n|\n|t:|1733698139\n|switch|p2a: Noodle Arms|Mienshao, L50, F|100\/100\n|turn|4\n|\n|t:|1733698150\n|move|p2a: Noodle Arms|Fake Out|p1a: Dondozo\n|-damage|p1a: Dondozo|93\/100\n|cant|p1a: Dondozo|flinch\n|move|p2b: The Shard|Draco Meteor|p1a: Dondozo\n|-damage|p1a: Dondozo|67\/100\n|-unboost|p2b: The Shard|spa|2\n|\n|-weather|RainDance|[upkeep]\n|-heal|p1a: Dondozo|73\/100|[from] item: Leftovers\n|-sideend|p1: chiitancrazymascot|move: Tailwind\n|-sideend|p2: Mildly Displeased|move: Tailwind\n|upkeep\n|turn|5\n|\n|t:|1733698166\n|move|p2a: Noodle Arms|Triple Axel|p1a: Dondozo\n|-supereffective|p1a: Dondozo\n|-damage|p1a: Dondozo|68\/100\n|-supereffective|p1a: Dondozo\n|-damage|p1a: Dondozo|58\/100\n|-supereffective|p1a: Dondozo\n|-damage|p1a: Dondozo|44\/100\n|-hitcount|p1a: Dondozo|3\n|move|p1a: Dondozo|Wave Crash|p2b: The Shard\n|-damage|p2b: The Shard|0 fnt\n|faint|p2b: The Shard\n|-damage|p1a: Dondozo|29\/100|[from] Recoil\n|\n|-weather|none\n|-heal|p1a: Dondozo|35\/100|[from] item: Leftovers\n|upkeep\n|\n|t:|1733698175\n|switch|p2b: Shirley BASSey|Primarina, L50, F, shiny|100\/100\n|turn|6\n|\n|t:|1733698181\n|move|p1a: Dondozo|Tera Blast|p2b: Shirley BASSey|[anim] Tera Blast Grass\n|-supereffective|p2b: Shirley BASSey\n|-damage|p2b: Shirley BASSey|0 fnt\n|faint|p2b: Shirley BASSey\n|move|p2a: Noodle Arms|Triple Axel|p1a: Dondozo\n|-supereffective|p1a: Dondozo\n|-damage|p1a: Dondozo|30\/100\n|-supereffective|p1a: Dondozo\n|-damage|p1a: Dondozo|19\/100\n|-supereffective|p1a: Dondozo\n|-damage|p1a: Dondozo|5\/100\n|-hitcount|p1a: Dondozo|3\n|\n|-heal|p1a: Dondozo|11\/100|[from] item: Leftovers\n|-sideend|p1: chiitancrazymascot|move: Light Screen\n|upkeep\n|turn|7\n|\n|t:|1733698191\n|move|p1a: Dondozo|Protect|p1a: Dondozo\n|-singleturn|p1a: Dondozo|Protect\n|move|p2a: Noodle Arms|Triple Axel|p1a: Dondozo\n|-activate|p1a: Dondozo|move: Protect\n|\n|-heal|p1a: Dondozo|17\/100|[from] item: Leftovers\n|upkeep\n|turn|8\n|\n|t:|1733698196\n|move|p2a: Noodle Arms|Triple Axel|p1a: Dondozo\n|-supereffective|p1a: Dondozo\n|-damage|p1a: Dondozo|12\/100\n|-supereffective|p1a: Dondozo\n|-damage|p1a: Dondozo|2\/100\n|-supereffective|p1a: Dondozo\n|-damage|p1a: Dondozo|0 fnt\n|faint|p1a: Dondozo\n|-hitcount|p1: Dondozo|3\n|\n|upkeep\n|\n|t:|1733698199\n|switch|p1a: Gholdengo|Gholdengo, L50, shiny|16\/100\n|turn|9\n|\n|t:|1733698207\n|move|p1b: Tatsugiri|Icy Wind|p2a: Noodle Arms\n|-damage|p2a: Noodle Arms|68\/100\n|-unboost|p2a: Noodle Arms|spe|1\n|move|p1a: Gholdengo|Make It Rain|p2a: Noodle Arms\n|-damage|p2a: Noodle Arms|0 fnt\n|-unboost|p1a: Gholdengo|spa|1\n|faint|p2a: Noodle Arms\n|\n|win|chiitancrazymascot\n|raw|chiitancrazymascot's rating: 1826 &rarr; <strong>1841<\/strong><br \/>(+15 for winning)\n|raw|Mildly Displeased's rating: 1740 &rarr; <strong>1725<\/strong><br \/>(-15 for losing)\n|l|\u2606Mildly Displeased\n|player|p2|\n|l|\u2606chiitancrazymascot\n|player|p1|\n","uploadtime":1733698211,"views":14,"formatid":"gen9vgc2024regh","rating":1725,"private":0,"password":null}