{"id":"gen9vgc2024regh-2259804409","format":"[Gen 9] VGC 2024 Reg H","players":["B-Nut17","chin8"],"log":"|j|\u2606B-Nut17\n|j|\u2606chin8\n|t:|1733768384\n|gametype|doubles\n|player|p1|B-Nut17|dawn|1637\n|player|p2|chin8|gentleman-gen4dp|1816\n|teamsize|p1|6\n|teamsize|p2|6\n|gen|9\n|tier|[Gen 9] VGC 2024 Reg H\n|rated|\n|rule|Species Clause: Limit one of each Pok\u00e9mon\n|rule|Item Clause: Limit 1 of each item\n|clearpoke\n|poke|p1|Incineroar, L50, M|\n|poke|p1|Rillaboom, L50, F|\n|poke|p1|Ninetales-Alola, L50, F|\n|poke|p1|Frosmoth, L50, M|\n|poke|p1|Maushold-Four, L50|\n|poke|p1|Annihilape, L50, F|\n|poke|p2|Baxcalibur, L50, F|\n|poke|p2|Kilowattrel, L50, F|\n|poke|p2|Granbull, L50, F|\n|poke|p2|Gardevoir, L50, F|\n|poke|p2|Magmortar, L50, F|\n|poke|p2|Gholdengo, L50|\n|teampreview|4\n|inactive|Battle timer is ON: inactive players will automatically lose when time's up. (requested by B-Nut17)\n|c|\u2606B-Nut17|Ooo interesting team\nB-Nut17 has agreed to open team sheets.\n|inactive|B-Nut17 has 60 seconds left.\n|\n|t:|1733768419\n|start\n|switch|p1a: Maushold|Maushold-Four, L50|100\/100\n|switch|p1b: Annihilape|Annihilape, L50, F|100\/100\n|switch|p2a: Magmortar|Magmortar, L50, F|100\/100\n|switch|p2b: Gholdengo|Gholdengo, L50|100\/100\n|turn|1\n|\n|t:|1733768440\n|-terastallize|p1b: Annihilape|Fire\n|move|p2a: Magmortar|Follow Me|p2a: Magmortar\n|-singleturn|p2a: Magmortar|move: Follow Me\n|move|p1a: Maushold|Beat Up|p2a: Magmortar\n|-damage|p2a: Magmortar|98\/100\n|-damage|p2a: Magmortar|94\/100\n|-damage|p2a: Magmortar|91\/100\n|-damage|p2a: Magmortar|88\/100\n|-hitcount|p2a: Magmortar|4\n|move|p1b: Annihilape|Rage Fist|p2a: Magmortar\n|-damage|p2a: Magmortar|66\/100\n|move|p2b: Gholdengo|Nasty Plot|p2b: Gholdengo\n|-boost|p2b: Gholdengo|spa|2\n|\n|upkeep\n|turn|2\n|j| Ivoshamov\n|\n|t:|1733768460\n|move|p1a: Maushold|Taunt|p2a: Magmortar\n|-start|p2a: Magmortar|move: Taunt\n|move|p1b: Annihilape|Rage Fist|p2b: Gholdengo\n|-supereffective|p2b: Gholdengo\n|-damage|p2b: Gholdengo|59\/100\n|move|p2b: Gholdengo|Nasty Plot|p2b: Gholdengo\n|-boost|p2b: Gholdengo|spa|2\n|cant|p2a: Magmortar|move: Taunt|Taunt\n|\n|-heal|p2b: Gholdengo|65\/100|[from] item: Leftovers\n|upkeep\n|turn|3\n|\n|t:|1733768471\n|switch|p2a: Kilowattrel|Kilowattrel, L50, F|100\/100\n|move|p2b: Gholdengo|Protect|p2b: Gholdengo\n|-singleturn|p2b: Gholdengo|Protect\n|move|p1a: Maushold|Beat Up|p1b: Annihilape\n|-damage|p1b: Annihilape|99\/100\n|-damage|p1b: Annihilape|97\/100\n|-damage|p1b: Annihilape|94\/100\n|-damage|p1b: Annihilape|91\/100\n|-hitcount|p1b: Annihilape|4\n|move|p1b: Annihilape|Rage Fist|p2b: Gholdengo\n|-activate|p2b: Gholdengo|move: Protect\n|\n|-heal|p2b: Gholdengo|72\/100|[from] item: Leftovers\n|upkeep\n|turn|4\n|\n|t:|1733768491\n|move|p1a: Maushold|Follow Me|p1a: Maushold\n|-singleturn|p1a: Maushold|move: Follow Me\n|move|p2a: Kilowattrel|Tailwind|p2a: Kilowattrel\n|-sidestart|p2: chin8|move: Tailwind\n|move|p2b: Gholdengo|Make It Rain|p1b: Annihilape|[spread] p1a,p1b\n|-resisted|p1b: Annihilape\n|-damage|p1a: Maushold|0 fnt\n|-damage|p1b: Annihilape|51\/100\n|-unboost|p2b: Gholdengo|spa|1\n|faint|p1a: Maushold\n|move|p1b: Annihilape|Rage Fist|p2b: Gholdengo\n|-supereffective|p2b: Gholdengo\n|-damage|p2b: Gholdengo|0 fnt\n|faint|p2b: Gholdengo\n|\n|upkeep\n|\n|t:|1733768513\n|switch|p1a: Incineroar|Incineroar, L50, M|100\/100\n|switch|p2b: Baxcalibur|Baxcalibur, L50, F|100\/100\n|-ability|p1a: Incineroar|Intimidate|boost\n|-unboost|p2a: Kilowattrel|atk|1\n|-ability|p2a: Kilowattrel|Competitive|boost\n|-boost|p2a: Kilowattrel|spa|2\n|-unboost|p2b: Baxcalibur|atk|1\n|turn|5\n|\n|t:|1733768527\n|-terastallize|p2b: Baxcalibur|Ground\n|move|p2a: Kilowattrel|Protect|p2a: Kilowattrel\n|-singleturn|p2a: Kilowattrel|Protect\n|move|p1a: Incineroar|Fake Out|p2b: Baxcalibur\n|-damage|p2b: Baxcalibur|91\/100\n|cant|p2b: Baxcalibur|flinch\n|move|p1b: Annihilape|Drain Punch|p2b: Baxcalibur\n|-damage|p2b: Baxcalibur|62\/100\n|-heal|p1b: Annihilape|66\/100|[from] drain|[of] p2b: Baxcalibur\n|\n|upkeep\n|turn|6\n|\n|t:|1733768542\n|move|p1b: Annihilape|Protect|p1b: Annihilape\n|-singleturn|p1b: Annihilape|Protect\n|move|p2a: Kilowattrel|Thunderbolt|p1b: Annihilape\n|-activate|p1b: Annihilape|move: Protect\n|move|p2b: Baxcalibur|Earthquake|p1a: Incineroar|[spread] p1a\n|-activate|p1b: Annihilape|move: Protect\n|-immune|p2a: Kilowattrel\n|-supereffective|p1a: Incineroar\n|-damage|p1a: Incineroar|50\/100\n|move|p1a: Incineroar|Knock Off|p2a: Kilowattrel\n|-damage|p2a: Kilowattrel|26\/100\n|-enditem|p2a: Kilowattrel|Focus Sash|[from] move: Knock Off|[of] p1a: Incineroar\n|\n|upkeep\n|turn|7\n|inactive|B-Nut17 has 30 seconds left.\n|\n|t:|1733768573\n|switch|p1b: Rillaboom|Rillaboom, L50, F|100\/100\n|-fieldstart|move: Grassy Terrain|[from] ability: Grassy Surge|[of] p1b: Rillaboom\n|move|p2a: Kilowattrel|Thunderbolt|p1b: Rillaboom\n|-resisted|p1b: Rillaboom\n|-damage|p1b: Rillaboom|67\/100\n|move|p2b: Baxcalibur|Earthquake|p1a: Incineroar|[spread] p1a,p1b\n|-immune|p2a: Kilowattrel\n|-supereffective|p1a: Incineroar\n|-resisted|p1b: Rillaboom\n|-damage|p1a: Incineroar|22\/100\n|-damage|p1b: Rillaboom|58\/100\n|move|p1a: Incineroar|Flare Blitz|p2a: Kilowattrel\n|-damage|p2a: Kilowattrel|0 fnt\n|faint|p2a: Kilowattrel\n|-damage|p1a: Incineroar|16\/100|[from] Recoil\n|\n|-heal|p2b: Baxcalibur|68\/100|[from] Grassy Terrain\n|-heal|p1b: Rillaboom|64\/100|[from] Grassy Terrain\n|-heal|p1a: Incineroar|22\/100|[from] Grassy Terrain\n|-sideend|p2: chin8|move: Tailwind\n|upkeep\n|\n|t:|1733768576\n|switch|p2a: Magmortar|Magmortar, L50, F|66\/100\n|turn|8\n|-message|chin8 forfeited.\n|\n|win|B-Nut17\n|raw|B-Nut17's rating: 1637 &rarr; <strong>1666<\/strong><br \/>(+29 for winning)\n|raw|chin8's rating: 1816 &rarr; <strong>1787<\/strong><br \/>(-29 for losing)\n|l|\u2606chin8\n|player|p2|\n","uploadtime":1733768742,"views":27,"formatid":"gen9vgc2024regh","rating":1666,"private":0,"password":null}