{"id":"gen9vgc2024regh-2259652626","format":"[Gen 9] VGC 2024 Reg H","players":["Il Falco","Blacksummer"],"log":"|j|\u2606Il Falco\n|j|\u2606Blacksummer\n|t:|1733752301\n|gametype|doubles\n|player|p1|Il Falco|pokemonranger-gen4|1656\n|player|p2|Blacksummer|cynthia|1725\n|teamsize|p1|6\n|teamsize|p2|6\n|gen|9\n|tier|[Gen 9] VGC 2024 Reg H\n|rated|\n|rule|Species Clause: Limit one of each Pok\u00e9mon\n|rule|Item Clause: Limit 1 of each item\n|clearpoke\n|poke|p1|Archaludon, L50, M|\n|poke|p1|Grimmsnarl, L50, M|\n|poke|p1|Whimsicott, L50, F|\n|poke|p1|Annihilape, L50, M|\n|poke|p1|Ursaluna-Bloodmoon, L50, M|\n|poke|p1|Gyarados, L50, M|\n|poke|p2|Indeedee-F, L50, F|\n|poke|p2|Torkoal, L50, M|\n|poke|p2|Gallade, L50, M|\n|poke|p2|Hatterene, L50, F|\n|poke|p2|Zoroark-Hisui, L50, F|\n|poke|p2|Ursaluna-Bloodmoon, L50, M|\n|teampreview|4\nBlacksummer has agreed to open team sheets.\n|inactive|Battle timer is ON: inactive players will automatically lose when time's up. (requested by Il Falco)\n|\n|t:|1733752329\n|start\n|switch|p1a: Gyarados|Gyarados, L50, M|100\/100\n|switch|p1b: Annihilape|Annihilape, L50, M|100\/100\n|switch|p2a: Indeedee|Indeedee-F, L50, F|100\/100\n|switch|p2b: Gallade|Gallade, L50, M, shiny|100\/100\n|-ability|p1a: Gyarados|Intimidate|boost\n|-unboost|p2a: Indeedee|atk|1\n|-fail|p2b: Gallade|unboost|[from] item: Clear Amulet|[of] p2b: Gallade\n|-fieldstart|move: Psychic Terrain|[from] ability: Psychic Surge|[of] p2a: Indeedee\n|turn|1\n|inactive|Il Falco has 30 seconds left.\n|\n|t:|1733752355\n|-terastallize|p2b: Gallade|Steel\n|move|p2a: Indeedee|Follow Me|p2a: Indeedee\n|-singleturn|p2a: Indeedee|move: Follow Me\n|move|p1b: Annihilape|Final Gambit|p2a: Indeedee\n|-damage|p2a: Indeedee|0 fnt\n|faint|p1b: Annihilape\n|faint|p2a: Indeedee\n|move|p1a: Gyarados|Taunt|p2b: Gallade\n|-start|p2b: Gallade|move: Taunt\n|cant|p2b: Gallade|move: Taunt|Trick Room\n|\n|upkeep\n|\n|t:|1733752370\n|switch|p1b: Grimmsnarl|Grimmsnarl, L50, M|100\/100\n|switch|p2a: Hatterene|Hatterene, L50, F|100\/100\n|turn|2\n|\n|t:|1733752387\n|move|p1b: Grimmsnarl|Light Screen|p1b: Grimmsnarl\n|-sidestart|p1: Il Falco|move: Light Screen\n|move|p1a: Gyarados|Waterfall|p2a: Hatterene\n|-damage|p2a: Hatterene|51\/100\n|move|p2b: Gallade|Sacred Sword|p1b: Grimmsnarl\n|-damage|p1b: Grimmsnarl|29\/100\n|move|p2a: Hatterene|Trick Room|p2a: Hatterene\n|-fieldstart|move: Trick Room|[of] p2a: Hatterene\n|\n|upkeep\n|turn|3\n|\n|t:|1733752408\n|move|p1b: Grimmsnarl|Reflect|p1b: Grimmsnarl\n|-sidestart|p1: Il Falco|Reflect\n|move|p2a: Hatterene|Dazzling Gleam|p1b: Grimmsnarl|[spread] p1a,p1b\n|-supereffective|p1b: Grimmsnarl\n|-damage|p1a: Gyarados|72\/100\n|-damage|p1b: Grimmsnarl|0 fnt\n|faint|p1b: Grimmsnarl\n|-damage|p2a: Hatterene|42\/100|[from] item: Life Orb\n|move|p2b: Gallade|Psycho Cut|p1a: Gyarados\n|-damage|p1a: Gyarados|17\/100\n|-enditem|p1a: Gyarados|Sitrus Berry|[eat]\n|-heal|p1a: Gyarados|41\/100|[from] item: Sitrus Berry\n|move|p1a: Gyarados|Waterfall|p2a: Hatterene\n|-damage|p2a: Hatterene|0 fnt\n|faint|p2a: Hatterene\n|\n|-end|p2b: Gallade|move: Taunt\n|upkeep\n|\n|t:|1733752427\n|switch|p2a: Torkoal|Torkoal, L50, M|100\/100\n|switch|p1b: Archaludon|Archaludon, L50, M|100\/100\n|-weather|SunnyDay|[from] ability: Drought|[of] p2a: Torkoal\n|turn|4\n|\n|t:|1733752448\n|-terastallize|p1b: Archaludon|Water\n|move|p2a: Torkoal|Eruption|p1b: Archaludon|[spread] p1a,p1b\n|-resisted|p1a: Gyarados\n|-resisted|p1b: Archaludon\n|-damage|p1a: Gyarados|14\/100\n|-damage|p1b: Archaludon|82\/100\n|-ability|p1b: Archaludon|Stamina|boost\n|-boost|p1b: Archaludon|def|1\n|move|p2b: Gallade|Sacred Sword|p1b: Archaludon\n|-damage|p1b: Archaludon|44\/100\n|-ability|p1b: Archaludon|Stamina|boost\n|-boost|p1b: Archaludon|def|1\n|move|p1b: Archaludon|Draco Meteor|p2a: Torkoal\n|-damage|p2a: Torkoal|25\/100\n|-unboost|p1b: Archaludon|spa|2\n|move|p1a: Gyarados|Waterfall|p2a: Torkoal\n|-supereffective|p2a: Torkoal\n|-damage|p2a: Torkoal|0 fnt\n|faint|p2a: Torkoal\n|\n|-weather|SunnyDay|[upkeep]\n|upkeep\n|turn|5\n|inactive|Il Falco has 30 seconds left.\n|\n|t:|1733752480\n|move|p2b: Gallade|Sacred Sword|p1b: Archaludon\n|-damage|p1b: Archaludon|10\/100\n|-ability|p1b: Archaludon|Stamina|boost\n|-boost|p1b: Archaludon|def|1\n|move|p1b: Archaludon|Body Press|p2b: Gallade\n|-supereffective|p2b: Gallade\n|-damage|p2b: Gallade|0 fnt\n|faint|p2b: Gallade\n|\n|win|Il Falco\n|raw|Il Falco's rating: 1656 &rarr; <strong>1680<\/strong><br \/>(+24 for winning)\n|raw|Blacksummer's rating: 1725 &rarr; <strong>1701<\/strong><br \/>(-24 for losing)\n|l|\u2606Blacksummer\n|player|p2|\n|c|\u2606Il Falco|GG\n|l|\u2606Il Falco\n|player|p1|\n","uploadtime":1733752663,"views":22,"formatid":"gen9vgc2024regh","rating":1680,"private":0,"password":null}