{"id":"gen9vgc2024regh-2259983994","format":"[Gen 9] VGC 2024 Reg H","players":["chorzondala","Brave12223"],"log":"|j|\u2606chorzondala\n|j|\u2606Brave12223\n|t:|1733787456\n|gametype|doubles\n|player|p1|chorzondala|boarder|1695\n|player|p2|Brave12223|colress|1785\n|teamsize|p1|6\n|teamsize|p2|6\n|gen|9\n|tier|[Gen 9] VGC 2024 Reg H\n|rated|\n|rule|Species Clause: Limit one of each Pok\u00e9mon\n|rule|Item Clause: Limit 1 of each item\n|clearpoke\n|poke|p1|Maushold-Four, L50|\n|poke|p1|Archaludon, L50, M|\n|poke|p1|Pelipper, L50, M|\n|poke|p1|Indeedee, L50, M|\n|poke|p1|Dragonite, L50, M|\n|poke|p1|Basculegion, L50, M|\n|poke|p2|Gholdengo, L50|\n|poke|p2|Archaludon, L50, M|\n|poke|p2|Basculegion, L50, M|\n|poke|p2|Pelipper, L50, M|\n|poke|p2|Maushold, L50|\n|poke|p2|Amoonguss, L50, M|\n|teampreview|4\n|inactive|Battle timer is ON: inactive players will automatically lose when time's up. (requested by Brave12223)\n|\n|t:|1733787477\n|start\n|switch|p1a: Maushold|Maushold-Four, L50|100\/100\n|switch|p1b: Indeedee|Indeedee, L50, M|100\/100\n|switch|p2a: Amoonguss|Amoonguss, L50, M|100\/100\n|switch|p2b: Basculegion|Basculegion, L50, M|100\/100\n|-fieldstart|move: Psychic Terrain|[from] ability: Psychic Surge|[of] p1b: Indeedee\n|turn|1\n|\n|t:|1733787492\n|switch|p2a: Pelipper|Pelipper, L50, M|100\/100\n|-weather|RainDance|[from] ability: Drizzle|[of] p2a: Pelipper\n|move|p2b: Basculegion|Flip Turn|p1b: Indeedee\n|-enditem|p1b: Indeedee|Focus Sash\n|-damage|p1b: Indeedee|1\/100\n|\n|t:|1733787502\n|switch|p2b: Archaludon|Archaludon, L50, M|100\/100|[from] Flip Turn\n|move|p1a: Maushold|Population Bomb|p2a: Pelipper\n|-damage|p2a: Pelipper|86\/100\n|-damage|p2a: Pelipper|72\/100\n|-damage|p2a: Pelipper|58\/100\n|-damage|p2a: Pelipper|43\/100\n|-damage|p2a: Pelipper|27\/100\n|-damage|p2a: Pelipper|12\/100\n|-damage|p2a: Pelipper|0 fnt\n|faint|p2a: Pelipper\n|-hitcount|p2: Pelipper|7\n|move|p1b: Indeedee|Expanding Force|p2b: Archaludon\n|-resisted|p2b: Archaludon\n|-damage|p2b: Archaludon|76\/100\n|-ability|p2b: Archaludon|Stamina|boost\n|-boost|p2b: Archaludon|def|1\n|\n|-weather|RainDance|[upkeep]\n|upkeep\n|\n|t:|1733787508\n|switch|p2a: Basculegion|Basculegion, L50, M|100\/100\n|turn|2\n|\n|t:|1733787532\n|switch|p1b: Archaludon|Archaludon, L50, M|100\/100\n|move|p2a: Basculegion|Wave Crash|p1b: Archaludon\n|-resisted|p1b: Archaludon\n|-damage|p1b: Archaludon|46\/100\n|-ability|p1b: Archaludon|Stamina|boost\n|-boost|p1b: Archaludon|def|1\n|-damage|p2a: Basculegion|82\/100|[from] Recoil\n|move|p1a: Maushold|Population Bomb|p1b: Archaludon\n|-resisted|p1b: Archaludon\n|-damage|p1b: Archaludon|43\/100\n|-ability|p1b: Archaludon|Stamina|boost\n|-boost|p1b: Archaludon|def|1\n|-resisted|p1b: Archaludon\n|-damage|p1b: Archaludon|41\/100\n|-ability|p1b: Archaludon|Stamina|boost\n|-boost|p1b: Archaludon|def|1\n|-resisted|p1b: Archaludon\n|-damage|p1b: Archaludon|39\/100\n|-ability|p1b: Archaludon|Stamina|boost\n|-boost|p1b: Archaludon|def|1\n|-resisted|p1b: Archaludon\n|-damage|p1b: Archaludon|38\/100\n|-ability|p1b: Archaludon|Stamina|boost\n|-boost|p1b: Archaludon|def|1\n|-resisted|p1b: Archaludon\n|-damage|p1b: Archaludon|36\/100\n|-ability|p1b: Archaludon|Stamina|boost\n|-boost|p1b: Archaludon|def|1\n|-resisted|p1b: Archaludon\n|-damage|p1b: Archaludon|35\/100\n|-resisted|p1b: Archaludon\n|-crit|p1b: Archaludon\n|-damage|p1b: Archaludon|28\/100\n|-resisted|p1b: Archaludon\n|-damage|p1b: Archaludon|27\/100\n|-resisted|p1b: Archaludon\n|-damage|p1b: Archaludon|26\/100\n|-resisted|p1b: Archaludon\n|-damage|p1b: Archaludon|25\/100\n|-hitcount|p1b: Archaludon|10\n|move|p2b: Archaludon|Electro Shot||[still]\n|-prepare|p2b: Archaludon|Electro Shot\n|-boost|p2b: Archaludon|spa|1\n|-anim|p2b: Archaludon|Electro Shot|p1a: Maushold\n|-damage|p1a: Maushold|4\/100\n|\n|-weather|RainDance|[upkeep]\n|upkeep\n|turn|3\n|inactive|Brave12223 has 30 seconds left.\n|\n|t:|1733787558\n|-terastallize|p2b: Archaludon|Grass\n|move|p1a: Maushold|Follow Me|p1a: Maushold\n|-singleturn|p1a: Maushold|move: Follow Me\n|move|p2a: Basculegion|Wave Crash|p1a: Maushold\n|-damage|p1a: Maushold|0 fnt\n|faint|p1a: Maushold\n|-damage|p2a: Basculegion|81\/100|[from] Recoil\n|move|p2b: Archaludon|Flash Cannon|p1b: Archaludon\n|-resisted|p1b: Archaludon\n|-damage|p1b: Archaludon|3\/100\n|move|p1b: Archaludon|Body Press|p2b: Archaludon\n|-damage|p2b: Archaludon|33\/100\n|-ability|p2b: Archaludon|Stamina|boost\n|-boost|p2b: Archaludon|def|1\n|\n|-weather|RainDance|[upkeep]\n|upkeep\n|\n|t:|1733787570\n|switch|p1a: Basculegion|Basculegion, L50, M|100\/100\n|turn|4\n|\n|t:|1733787580\n|switch|p2a: Amoonguss|Amoonguss, L50, M|100\/100\n|-terastallize|p1a: Basculegion|Grass\n|move|p1a: Basculegion|Last Respects|p2a: Amoonguss\n|-damage|p2a: Amoonguss|39\/100\n|-enditem|p2a: Amoonguss|Sitrus Berry|[eat]\n|-heal|p2a: Amoonguss|64\/100|[from] item: Sitrus Berry\n|move|p2b: Archaludon|Electro Shot||[still]\n|-prepare|p2b: Archaludon|Electro Shot\n|-boost|p2b: Archaludon|spa|1\n|-anim|p2b: Archaludon|Electro Shot|p1b: Archaludon\n|-resisted|p1b: Archaludon\n|-damage|p1b: Archaludon|0 fnt\n|faint|p1b: Archaludon\n|\n|-weather|RainDance|[upkeep]\n|upkeep\n|\n|t:|1733787594\n|switch|p1b: Indeedee|Indeedee, L50, M|1\/100\n|turn|5\n|\n|t:|1733787605\n|move|p2a: Amoonguss|Rage Powder|p2a: Amoonguss\n|-singleturn|p2a: Amoonguss|move: Rage Powder\n|move|p1a: Basculegion|Last Respects|p2a: Amoonguss\n|-damage|p2a: Amoonguss|0 fnt\n|faint|p2a: Amoonguss\n|move|p1b: Indeedee|Expanding Force|p2b: Archaludon\n|-damage|p2b: Archaludon|0 fnt\n|faint|p2b: Archaludon\n|\n|-weather|none\n|-fieldend|move: Psychic Terrain\n|upkeep\n|\n|t:|1733787611\n|switch|p2b: Basculegion|Basculegion, L50, M|81\/100\n|turn|6\n|\n|t:|1733787616\n|move|p1b: Indeedee|Expanding Force|p2b: Basculegion\n|-damage|p2b: Basculegion|36\/100\n|move|p1a: Basculegion|Last Respects|p2b: Basculegion\n|-supereffective|p2b: Basculegion\n|-damage|p2b: Basculegion|0 fnt\n|faint|p2b: Basculegion\n|\n|win|chorzondala\n|raw|chorzondala's rating: 1695 &rarr; <strong>1720<\/strong><br \/>(+25 for winning)\n|raw|Brave12223's rating: 1785 &rarr; <strong>1760<\/strong><br \/>(-25 for losing)\n|l|\u2606Brave12223\n|player|p2|\n|l|\u2606chorzondala\n|player|p1|\n|j|\u2606Brave12223\n|player|p2|Brave12223|colress|\n|l|\u2606Brave12223\n|player|p2|\n","uploadtime":1733787801,"views":23,"formatid":"gen9vgc2024regh","rating":1720,"private":0,"password":null}