{"id":"gen9vgc2024regh-2259210958","format":"[Gen 9] VGC 2024 Reg H","players":["dex2299","YesImReallyTrying"],"log":"|j|\u203ddex2299\n|j|\u2606YesImReallyTrying\n|t:|1733685758\n|gametype|doubles\n|player|p1|dex2299|169|1805\n|player|p2|YesImReallyTrying|1|1635\n|teamsize|p1|6\n|teamsize|p2|6\n|gen|9\n|tier|[Gen 9] VGC 2024 Reg H\n|rated|\n|rule|Species Clause: Limit one of each Pok\u00e9mon\n|rule|Item Clause: Limit 1 of each item\n|clearpoke\n|poke|p1|Whimsicott, L50, F|\n|poke|p1|Typhlosion-Hisui, L50, M|\n|poke|p1|Farigiraf, L50, M|\n|poke|p1|Rillaboom, L50, M|\n|poke|p1|Primarina, L50, M|\n|poke|p1|Incineroar, L50, F|\n|poke|p2|Incineroar, L50, F|\n|poke|p2|Pelipper, L50, M|\n|poke|p2|Basculegion, L50, M|\n|poke|p2|Archaludon, L50, M|\n|poke|p2|Annihilape, L50, M|\n|poke|p2|Dragonite, L50, M|\n|teampreview|4\n|inactive|Battle timer is ON: inactive players will automatically lose when time's up. (requested by YesImReallyTrying)\n|j| Moon7777\n|\n|t:|1733685801\n|start\n|switch|p1a: Rillaboom|Rillaboom, L50, M|100\/100\n|switch|p1b: Farigiraf|Farigiraf, L50, M|100\/100\n|switch|p2a: Archaludon|Archaludon, L50, M|100\/100\n|switch|p2b: Annihilape|Annihilape, L50, M|100\/100\n|-fieldstart|move: Grassy Terrain|[from] ability: Grassy Surge|[of] p1a: Rillaboom\n|turn|1\n|inactive|dex2299 has 30 seconds left.\n|inactive|YesImReallyTrying has 30 seconds left.\n|\n|t:|1733685831\n|switch|p2b: Pelipper|Pelipper, L50, M|100\/100\n|-weather|RainDance|[from] ability: Drizzle|[of] p2b: Pelipper\n|move|p2a: Archaludon|Electro Shot||[still]\n|-prepare|p2a: Archaludon|Electro Shot\n|-boost|p2a: Archaludon|spa|1\n|-anim|p2a: Archaludon|Electro Shot|p1b: Farigiraf\n|-damage|p1b: Farigiraf|48\/100\n|-enditem|p1b: Farigiraf|Sitrus Berry|[eat]\n|-heal|p1b: Farigiraf|73\/100|[from] item: Sitrus Berry\n|move|p1a: Rillaboom|U-turn|p2b: Pelipper\n|-resisted|p2b: Pelipper\n|-damage|p2b: Pelipper|83\/100\n|\n|t:|1733685845\n|switch|p1a: Primarina|Primarina, L50, M|100\/100|[from] U-turn\n|move|p1b: Farigiraf|Trick Room|p1b: Farigiraf\n|-fieldstart|move: Trick Room|[of] p1b: Farigiraf\n|\n|-weather|RainDance|[upkeep]\n|-heal|p1b: Farigiraf|79\/100|[from] Grassy Terrain\n|upkeep\n|turn|2\n|inactive|dex2299 has 30 seconds left.\n|\n|t:|1733685876\n|-terastallize|p1a: Primarina|Grass\n|move|p1b: Farigiraf|Helping Hand|p1a: Primarina\n|-singleturn|p1a: Primarina|Helping Hand|[of] p1b: Farigiraf\n|move|p1a: Primarina|Moonblast|p2a: Archaludon\n|-damage|p2a: Archaludon|29\/100\n|-ability|p2a: Archaludon|Stamina|boost\n|-boost|p2a: Archaludon|def|1\n|-damage|p1a: Primarina|91\/100|[from] item: Life Orb\n|move|p2a: Archaludon|Electro Shot||[still]\n|-prepare|p2a: Archaludon|Electro Shot\n|-boost|p2a: Archaludon|spa|1\n|-anim|p2a: Archaludon|Electro Shot|p1b: Farigiraf\n|-crit|p1b: Farigiraf\n|-damage|p1b: Farigiraf|0 fnt\n|faint|p1b: Farigiraf\n|move|p2b: Pelipper|Hurricane|p1a: Primarina\n|-supereffective|p1a: Primarina\n|-damage|p1a: Primarina|6\/100\n|\n|-weather|RainDance|[upkeep]\n|-heal|p1a: Primarina|12\/100|[from] Grassy Terrain\n|-heal|p2a: Archaludon|36\/100|[from] Grassy Terrain\n|upkeep\n|\n|t:|1733685900\n|switch|p1b: Incineroar|Incineroar, L50, F|100\/100\n|-ability|p1b: Incineroar|Intimidate|boost\n|-unboost|p2a: Archaludon|atk|1\n|-unboost|p2b: Pelipper|atk|1\n|turn|3\n|\n|t:|1733685917\n|-terastallize|p2b: Pelipper|Ghost\n|move|p1a: Primarina|Hyper Voice|p2b: Pelipper|[spread] p2a,p2b\n|-resisted|p2a: Archaludon\n|-damage|p2a: Archaludon|11\/100\n|-damage|p2b: Pelipper|0 fnt\n|-ability|p2a: Archaludon|Stamina|boost\n|-boost|p2a: Archaludon|def|1\n|faint|p2b: Pelipper\n|-damage|p1a: Primarina|3\/100|[from] item: Life Orb\n|move|p1b: Incineroar|Knock Off|p2a: Archaludon\n|-damage|p2a: Archaludon|0 fnt\n|-enditem|p2a: Archaludon|Assault Vest|[from] move: Knock Off|[of] p1b: Incineroar\n|faint|p2a: Archaludon\n|\n|-weather|RainDance|[upkeep]\n|-heal|p1a: Primarina|9\/100|[from] Grassy Terrain\n|upkeep\n|\n|t:|1733685931\n|switch|p2a: Annihilape|Annihilape, L50, M|100\/100\n|switch|p2b: Basculegion|Basculegion, L50, M|100\/100\n|turn|4\n|\n|t:|1733685955\n|move|p2b: Basculegion|Aqua Jet|p1a: Primarina\n|-resisted|p1a: Primarina\n|-damage|p1a: Primarina|0 fnt\n|faint|p1a: Primarina\n|move|p1b: Incineroar|Knock Off|p2b: Basculegion\n|-supereffective|p2b: Basculegion\n|-damage|p2b: Basculegion|7\/100\n|-enditem|p2b: Basculegion|Mystic Water|[from] move: Knock Off|[of] p1b: Incineroar\n|move|p2a: Annihilape|Close Combat|p1b: Incineroar\n|-supereffective|p1b: Incineroar\n|-damage|p1b: Incineroar|14\/100\n|-unboost|p2a: Annihilape|def|1\n|-unboost|p2a: Annihilape|spd|1\n|\n|-weather|RainDance|[upkeep]\n|-heal|p1b: Incineroar|20\/100|[from] Grassy Terrain\n|-heal|p2b: Basculegion|13\/100|[from] Grassy Terrain\n|upkeep\n|\n|t:|1733685968\n|switch|p1a: Rillaboom|Rillaboom, L50, M|100\/100\n|turn|5\n|\n|t:|1733685975\n|move|p2a: Annihilape|Protect|p2a: Annihilape\n|-singleturn|p2a: Annihilape|Protect\n|move|p2b: Basculegion|Protect|p2b: Basculegion\n|-singleturn|p2b: Basculegion|Protect\n|move|p1a: Rillaboom|Grassy Glide|p2b: Basculegion\n|-activate|p2b: Basculegion|move: Protect\n|move|p1b: Incineroar|Knock Off|p2a: Annihilape\n|-activate|p2a: Annihilape|move: Protect\n|\n|-weather|none\n|-heal|p1b: Incineroar|26\/100|[from] Grassy Terrain\n|-heal|p2b: Basculegion|19\/100|[from] Grassy Terrain\n|-fieldend|move: Trick Room\n|-fieldend|move: Grassy Terrain\n|upkeep\n|turn|6\n|\n|t:|1733685999\n|move|p2a: Annihilape|Bulk Up|p2a: Annihilape\n|-boost|p2a: Annihilape|atk|1\n|-boost|p2a: Annihilape|def|1\n|move|p2b: Basculegion|Wave Crash|p1b: Incineroar\n|-supereffective|p1b: Incineroar\n|-damage|p1b: Incineroar|0 fnt\n|faint|p1b: Incineroar\n|-damage|p2b: Basculegion|11\/100|[from] Recoil\n|move|p1a: Rillaboom|Wood Hammer|p2a: Annihilape\n|-damage|p2a: Annihilape|46\/100\n|-damage|p1a: Rillaboom|83\/100|[from] Recoil\n|\n|upkeep\n|turn|7\n|\n|t:|1733686020\n|move|p2a: Annihilape|Rage Fist|p1a: Rillaboom\n|-damage|p1a: Rillaboom|27\/100\n|move|p2b: Basculegion|Last Respects|p1a: Rillaboom\n|-damage|p1a: Rillaboom|0 fnt\n|faint|p1a: Rillaboom\n|\n|win|YesImReallyTrying\n|raw|dex2299's rating: 1805 &rarr; <strong>1776<\/strong><br \/>(-29 for losing)\n|raw|YesImReallyTrying's rating: 1635 &rarr; <strong>1664<\/strong><br \/>(+29 for winning)\n|c|\u2606YesImReallyTrying|gg\n|l|\u203ddex2299\n|player|p1|\n|c|\u2606YesImReallyTrying|Great okat\n|c|\u2606YesImReallyTrying|play\n","uploadtime":1733686042,"views":19,"formatid":"gen9vgc2024regh","rating":1664,"private":0,"password":null}