{"id":"gen9vgc2024regh-2260772307","format":"[Gen 9] VGC 2024 Reg H","players":["falcon108","totolaw"],"log":"|j|\u2606falcon108\n|j|\u2606totolaw\n|t:|1733889760\n|gametype|doubles\n|player|p1|falcon108|palmer|1713\n|player|p2|totolaw|2|1690\n|teamsize|p1|6\n|teamsize|p2|6\n|gen|9\n|tier|[Gen 9] VGC 2024 Reg H\n|rated|\n|rule|Species Clause: Limit one of each Pok\u00e9mon\n|rule|Item Clause: Limit 1 of each item\n|clearpoke\n|poke|p1|Kingambit, L50, F|\n|poke|p1|Rillaboom, L50, F|\n|poke|p1|Electabuzz, L50, F|\n|poke|p1|Blaziken, L50, F|\n|poke|p1|Dragapult, L50, M|\n|poke|p1|Primarina, L50, F|\n|poke|p2|Tyranitar, L50, M|\n|poke|p2|Excadrill, L50, M|\n|poke|p2|Flamigo, L50, F|\n|poke|p2|Milotic, L50, F|\n|poke|p2|Amoonguss, L50, M|\n|poke|p2|Ceruledge, L50, M|\n|teampreview|4\n|inactive|Battle timer is ON: inactive players will automatically lose when time's up. (requested by falcon108)\n|inactive|falcon108 has 60 seconds left.\n|\n|t:|1733889794\n|start\n|switch|p1a: Curveball|Rillaboom, L50, F|100\/100\n|switch|p1b: Slider|Primarina, L50, F|100\/100\n|switch|p2a: Flamigo|Flamigo, L50, F|100\/100\n|switch|p2b: Milotic|Milotic, L50, F|100\/100\n|-fieldstart|move: Grassy Terrain|[from] ability: Grassy Surge|[of] p1a: Curveball\n|turn|1\n|inactive|falcon108 has 30 seconds left.\n|\n|t:|1733889822\n|switch|p1a: Cutter|Kingambit, L50, F|100\/100\n|move|p2a: Flamigo|Brave Bird|p1a: Cutter\n|-resisted|p1a: Cutter\n|-damage|p1a: Cutter|78\/100\n|-damage|p2a: Flamigo|91\/100|[from] Recoil\n|move|p2b: Milotic|Icy Wind|p1b: Slider|[spread] p1a,p1b\n|-resisted|p1a: Cutter\n|-resisted|p1b: Slider\n|-damage|p1a: Cutter|74\/100\n|-damage|p1b: Slider|95\/100\n|-unboost|p1a: Cutter|spe|1\n|-ability|p1a: Cutter|Defiant|boost\n|-boost|p1a: Cutter|atk|2\n|-unboost|p1b: Slider|spe|1\n|move|p1b: Slider|Moonblast|p2a: Flamigo\n|-supereffective|p2a: Flamigo\n|-damage|p2a: Flamigo|0 fnt\n|faint|p2a: Flamigo\n|\n|-heal|p1b: Slider|100\/100|[from] Grassy Terrain\n|-heal|p1a: Cutter|80\/100|[from] Grassy Terrain\n|upkeep\n|\n|t:|1733889841\n|switch|p2a: Excadrill|Excadrill, L50, M|100\/100\n|turn|2\n|\n|t:|1733889849\n|move|p2a: Excadrill|Protect|p2a: Excadrill\n|-singleturn|p2a: Excadrill|Protect\n|move|p1a: Cutter|Sucker Punch||[still]\n|-fail|p1a: Cutter\n|move|p2b: Milotic|Haze|p2b: Milotic\n|-clearallboost\n|move|p1b: Slider|Hyper Voice|p2b: Milotic|[spread] p2b\n|-activate|p2a: Excadrill|move: Protect\n|-resisted|p2b: Milotic\n|-damage|p2b: Milotic|87\/100\n|\n|-heal|p2b: Milotic|93\/100|[from] Grassy Terrain\n|-heal|p1a: Cutter|86\/100|[from] Grassy Terrain\n|upkeep\n|turn|3\n|\n|t:|1733889864\n|move|p1a: Cutter|Sucker Punch|p2a: Excadrill\n|-damage|p2a: Excadrill|37\/100\n|move|p2a: Excadrill|Iron Head|p1b: Slider\n|-damage|p1b: Slider|43\/100\n|-enditem|p1b: Slider|Sitrus Berry|[eat]\n|-heal|p1b: Slider|68\/100|[from] item: Sitrus Berry\n|move|p2b: Milotic|Scald|p1a: Cutter\n|-crit|p1a: Cutter\n|-damage|p1a: Cutter|53\/100\n|-status|p1a: Cutter|brn\n|move|p1b: Slider|Hyper Voice|p2b: Milotic|[spread] p2a,p2b\n|-supereffective|p2a: Excadrill\n|-resisted|p2b: Milotic\n|-damage|p2a: Excadrill|0 fnt\n|-damage|p2b: Milotic|80\/100\n|faint|p2a: Excadrill\n|\n|-heal|p2b: Milotic|86\/100|[from] Grassy Terrain\n|-heal|p1b: Slider|74\/100|[from] Grassy Terrain\n|-heal|p1a: Cutter|59\/100 brn|[from] Grassy Terrain\n|-damage|p1a: Cutter|53\/100 brn|[from] brn\n|upkeep\n|\n|t:|1733889883\n|switch|p2a: Tyranitar|Tyranitar, L50, M|100\/100\n|-weather|Sandstorm|[from] ability: Sand Stream|[of] p2a: Tyranitar\n|turn|4\n|\n|t:|1733889890\n|move|p1b: Slider|Protect|p1b: Slider\n|-singleturn|p1b: Slider|Protect\n|move|p2b: Milotic|Scald|p1b: Slider\n|-activate|p1b: Slider|move: Protect\n|move|p2a: Tyranitar|Rock Slide|p1b: Slider|[spread] p1a\n|-activate|p1b: Slider|move: Protect\n|-resisted|p1a: Cutter\n|-damage|p1a: Cutter|41\/100 brn\n|cant|p1a: Cutter|flinch\n|\n|-weather|Sandstorm|[upkeep]\n|-damage|p2b: Milotic|80\/100|[from] Sandstorm\n|-damage|p1b: Slider|68\/100|[from] Sandstorm\n|-heal|p2b: Milotic|86\/100|[from] Grassy Terrain\n|-heal|p1b: Slider|74\/100|[from] Grassy Terrain\n|-heal|p1a: Cutter|47\/100 brn|[from] Grassy Terrain\n|-damage|p1a: Cutter|41\/100 brn|[from] brn\n|upkeep\n|turn|5\n|\n|t:|1733889911\n|move|p2b: Milotic|Scald|p1b: Slider\n|-resisted|p1b: Slider\n|-damage|p1b: Slider|58\/100\n|-status|p1b: Slider|brn\n|move|p2a: Tyranitar|Rock Slide|p1a: Cutter|[spread] p1a,p1b\n|-resisted|p1a: Cutter\n|-damage|p1a: Cutter|28\/100 brn\n|-damage|p1b: Slider|19\/100 brn\n|cant|p1b: Slider|flinch\n|move|p1a: Cutter|Low Kick|p2a: Tyranitar\n|-supereffective|p2a: Tyranitar\n|-damage|p2a: Tyranitar|24\/100\n|\n|-weather|Sandstorm|[upkeep]\n|-damage|p2b: Milotic|80\/100|[from] Sandstorm\n|-damage|p1b: Slider|12\/100 brn|[from] Sandstorm\n|-heal|p2b: Milotic|86\/100|[from] Grassy Terrain\n|-heal|p2a: Tyranitar|30\/100|[from] Grassy Terrain\n|-heal|p1b: Slider|19\/100 brn|[from] Grassy Terrain\n|-heal|p1a: Cutter|34\/100 brn|[from] Grassy Terrain\n|-damage|p1b: Slider|12\/100 brn|[from] brn\n|-damage|p1a: Cutter|28\/100 brn|[from] brn\n|-fieldend|move: Grassy Terrain\n|upkeep\n|turn|6\n|\n|t:|1733889934\n|move|p1a: Cutter|Sucker Punch|p2b: Milotic\n|-damage|p2b: Milotic|68\/100\n|move|p2b: Milotic|Scald|p1a: Cutter\n|-crit|p1a: Cutter\n|-damage|p1a: Cutter|0 fnt\n|faint|p1a: Cutter\n|move|p2a: Tyranitar|Rock Slide|p1b: Slider\n|-damage|p1b: Slider|0 fnt\n|faint|p1b: Slider\n|\n|-weather|Sandstorm|[upkeep]\n|-damage|p2b: Milotic|62\/100|[from] Sandstorm\n|upkeep\n|\n|t:|1733889937\n|switch|p1b: Curveball|Rillaboom, L50, F|100\/100\n|switch|p1a: Fastball|Blaziken, L50, F|100\/100\n|-fieldstart|move: Grassy Terrain|[from] ability: Grassy Surge|[of] p1b: Curveball\n|turn|7\n|\n|t:|1733889953\n|-terastallize|p2a: Tyranitar|Flying\n|move|p2b: Milotic|Protect|p2b: Milotic\n|-singleturn|p2b: Milotic|Protect\n|move|p1b: Curveball|Fake Out|p2a: Tyranitar\n|-crit|p2a: Tyranitar\n|-damage|p2a: Tyranitar|11\/100\n|move|p1a: Fastball|Flare Blitz|p2a: Tyranitar\n|-damage|p2a: Tyranitar|0 fnt\n|faint|p2a: Tyranitar\n|-damage|p1a: Fastball|96\/100|[from] Recoil\n|\n|-weather|Sandstorm|[upkeep]\n|-damage|p1a: Fastball|90\/100|[from] Sandstorm\n|-damage|p1b: Curveball|94\/100|[from] Sandstorm\n|-damage|p2b: Milotic|56\/100|[from] Sandstorm\n|-heal|p1a: Fastball|96\/100|[from] Grassy Terrain\n|-heal|p1b: Curveball|100\/100|[from] Grassy Terrain\n|-heal|p2b: Milotic|62\/100|[from] Grassy Terrain\n|-ability|p1a: Fastball|Speed Boost|boost\n|-boost|p1a: Fastball|spe|1\n|upkeep\n|turn|8\n|-message|totolaw forfeited.\n|\n|win|falcon108\n|raw|falcon108's rating: 1713 &rarr; <strong>1732<\/strong><br \/>(+19 for winning)\n|raw|totolaw's rating: 1690 &rarr; <strong>1671<\/strong><br \/>(-19 for losing)\n|l|\u2606totolaw\n|player|p2|\n|l|\u2606falcon108\n|player|p1|\n","uploadtime":1733890129,"views":24,"formatid":"gen9vgc2024regh","rating":1671,"private":0,"password":null}