{"id":"gen9vgc2024regh-2260500171","format":"[Gen 9] VGC 2024 Reg H","players":["SeaWolfMikess","bwahacough"],"log":"|j|\u2606SeaWolfMikess\n|j|\u2606bwahacough\n|t:|1733857594\n|gametype|doubles\n|player|p1|SeaWolfMikess|hugh|1830\n|player|p2|bwahacough|medium|1803\n|teamsize|p1|6\n|teamsize|p2|6\n|gen|9\n|tier|[Gen 9] VGC 2024 Reg H\n|rated|\n|rule|Species Clause: Limit one of each Pok\u00e9mon\n|rule|Item Clause: Limit 1 of each item\n|clearpoke\n|poke|p1|Pelipper, L50, F|\n|poke|p1|Archaludon, L50, M|\n|poke|p1|Rillaboom, L50, F|\n|poke|p1|Sneasler, L50, F|\n|poke|p1|Incineroar, L50, F|\n|poke|p1|Gholdengo, L50|\n|poke|p2|Lycanroc, L50, F|\n|poke|p2|Tyranitar, L50, M|\n|poke|p2|Gholdengo, L50|\n|poke|p2|Mamoswine, L50, M|\n|poke|p2|Murkrow, L50, M|\n|poke|p2|Indeedee-F, L50, F|\n|teampreview|4\n|\n|t:|1733857620\n|start\n|switch|p1a: Sneasler|Sneasler, L50, F|100\/100\n|switch|p1b: Archaludon|Archaludon, L50, M|100\/100\n|switch|p2a: Mamoswine|Mamoswine, L50, M|100\/100\n|switch|p2b: Gholdengo|Gholdengo, L50|100\/100\n|turn|1\n|\n|t:|1733857629\n|-terastallize|p1b: Archaludon|Electric\n|-terastallize|p2a: Mamoswine|Ghost\n|move|p1a: Sneasler|Close Combat|p2a: Mamoswine\n|-immune|p2a: Mamoswine\n|move|p1b: Archaludon|Electro Shot||[still]\n|-prepare|p1b: Archaludon|Electro Shot\n|-boost|p1b: Archaludon|spa|1\n|-enditem|p1b: Archaludon|Power Herb\n|-anim|p1b: Archaludon|Electro Shot|p2b: Gholdengo\n|-damage|p2b: Gholdengo|0 fnt\n|faint|p2b: Gholdengo\n|move|p2a: Mamoswine|High Horsepower|p1b: Archaludon\n|-supereffective|p1b: Archaludon\n|-ability|p1b: Archaludon|Sturdy\n|-damage|p1b: Archaludon|1\/100\n|-damage|p2a: Mamoswine|91\/100|[from] item: Life Orb\n|\n|upkeep\n|\n|t:|1733857637\n|switch|p2b: Lycanroc|Lycanroc, L50, F|100\/100\n|turn|2\n|\n|t:|1733857668\n|move|p1a: Sneasler|Protect|p1a: Sneasler\n|-singleturn|p1a: Sneasler|Protect\n|move|p1b: Archaludon|Protect|p1b: Archaludon\n|-singleturn|p1b: Archaludon|Protect\n|move|p2b: Lycanroc|Rock Slide|p1b: Archaludon|[spread] \n|-activate|p1a: Sneasler|move: Protect\n|-activate|p1b: Archaludon|move: Protect\n|move|p2a: Mamoswine|Icicle Crash|p1a: Sneasler\n|-activate|p1a: Sneasler|move: Protect\n|\n|upkeep\n|turn|3\n|\n|t:|1733857685\n|switch|p1b: Rillaboom|Rillaboom, L50, F|100\/100\n|-fieldstart|move: Grassy Terrain|[from] ability: Grassy Surge|[of] p1b: Rillaboom\n|-enditem|p1a: Sneasler|Grassy Seed\n|-boost|p1a: Sneasler|def|1|[from] item: Grassy Seed\n|move|p1a: Sneasler|Throat Chop|p2a: Mamoswine\n|-supereffective|p2a: Mamoswine\n|-damage|p2a: Mamoswine|23\/100\n|-start|p2a: Mamoswine|Throat Chop|[silent]\n|move|p2b: Lycanroc|Rock Slide|p1b: Rillaboom|[spread] \n|-miss|p2b: Lycanroc|p1a: Sneasler\n|-miss|p2b: Lycanroc|p1b: Rillaboom\n|move|p2a: Mamoswine|High Horsepower|p1a: Sneasler\n|-supereffective|p1a: Sneasler\n|-damage|p1a: Sneasler|0 fnt\n|faint|p1a: Sneasler\n|-damage|p2a: Mamoswine|14\/100|[from] item: Life Orb\n|\n|-heal|p2a: Mamoswine|20\/100|[from] Grassy Terrain\n|upkeep\n|\n|t:|1733857700\n|switch|p1a: Archaludon|Archaludon, L50, M, tera:Electric|1\/100\n|turn|4\n|\n|t:|1733857707\n|move|p2a: Mamoswine|Protect|p2a: Mamoswine\n|-singleturn|p2a: Mamoswine|Protect\n|move|p1b: Rillaboom|Grassy Glide|p2a: Mamoswine\n|-activate|p2a: Mamoswine|move: Protect\n|move|p2b: Lycanroc|Bulldoze|p1b: Rillaboom|[spread] p1a,p1b\n|-activate|p2a: Mamoswine|move: Protect\n|-supereffective|p1a: Archaludon\n|-resisted|p1b: Rillaboom\n|-damage|p1a: Archaludon|0 fnt\n|-damage|p1b: Rillaboom|97\/100\n|-unboost|p1b: Rillaboom|spe|1\n|faint|p1a: Archaludon\n|\n|-heal|p2a: Mamoswine|25\/100|[from] Grassy Terrain\n|-heal|p1b: Rillaboom|100\/100|[from] Grassy Terrain\n|-end|p2a: Mamoswine|Throat Chop|[silent]\n|upkeep\n|\n|t:|1733857709\n|switch|p1a: Pelipper|Pelipper, L50, F|100\/100\n|-weather|RainDance|[from] ability: Drizzle|[of] p1a: Pelipper\n|turn|5\n|\n|t:|1733857721\n|switch|p2a: Tyranitar|Tyranitar, L50, M|100\/100\n|-weather|Sandstorm|[from] ability: Sand Stream|[of] p2a: Tyranitar\n|move|p1b: Rillaboom|Grassy Glide|p2b: Lycanroc\n|-supereffective|p2b: Lycanroc\n|-enditem|p2b: Lycanroc|Focus Sash\n|-damage|p2b: Lycanroc|1\/100\n|move|p2b: Lycanroc|Rock Slide|p1b: Rillaboom|[spread] p1a,p1b\n|-supereffective|p1a: Pelipper\n|-damage|p1a: Pelipper|24\/100\n|-damage|p1b: Rillaboom|74\/100\n|move|p1a: Pelipper|Muddy Water|p2b: Lycanroc|[spread] p2a,p2b\n|-supereffective|p2a: Tyranitar\n|-supereffective|p2b: Lycanroc\n|-damage|p2a: Tyranitar|67\/100\n|-damage|p2b: Lycanroc|0 fnt\n|faint|p2b: Lycanroc\n|\n|-weather|Sandstorm|[upkeep]\n|-damage|p1a: Pelipper|18\/100|[from] Sandstorm\n|-damage|p1b: Rillaboom|68\/100|[from] Sandstorm\n|-heal|p2a: Tyranitar|73\/100|[from] Grassy Terrain\n|-heal|p1b: Rillaboom|74\/100|[from] Grassy Terrain\n|upkeep\n|\n|t:|1733857723\n|switch|p2b: Mamoswine|Mamoswine, L50, M, tera:Ghost|25\/100\n|turn|6\n|\n|t:|1733857737\n|move|p2b: Mamoswine|Protect|p2b: Mamoswine\n|-singleturn|p2b: Mamoswine|Protect\n|move|p1a: Pelipper|Muddy Water|p2b: Mamoswine|[spread] p2a\n|-activate|p2b: Mamoswine|move: Protect\n|-supereffective|p2a: Tyranitar\n|-damage|p2a: Tyranitar|39\/100\n|move|p2a: Tyranitar|Rock Slide|p1a: Pelipper|[spread] p1a,p1b\n|-supereffective|p1a: Pelipper\n|-damage|p1a: Pelipper|0 fnt\n|-damage|p1b: Rillaboom|42\/100\n|faint|p1a: Pelipper\n|move|p1b: Rillaboom|Wood Hammer|p2a: Tyranitar\n|-supereffective|p2a: Tyranitar\n|-damage|p2a: Tyranitar|0 fnt\n|faint|p2a: Tyranitar\n|-damage|p1b: Rillaboom|30\/100|[from] Recoil\n|\n|-weather|Sandstorm|[upkeep]\n|-damage|p2b: Mamoswine|20\/100|[from] Sandstorm\n|-damage|p1b: Rillaboom|24\/100|[from] Sandstorm\n|-heal|p2b: Mamoswine|25\/100|[from] Grassy Terrain\n|-heal|p1b: Rillaboom|30\/100|[from] Grassy Terrain\n|upkeep\n|turn|7\n|\n|t:|1733857744\n|move|p1b: Rillaboom|Grassy Glide|p2b: Mamoswine\n|-damage|p2b: Mamoswine|0 fnt\n|faint|p2b: Mamoswine\n|\n|win|SeaWolfMikess\n|raw|SeaWolfMikess's rating: 1830 &rarr; <strong>1848<\/strong><br \/>(+18 for winning)\n|raw|bwahacough's rating: 1803 &rarr; <strong>1785<\/strong><br \/>(-18 for losing)\n|l|\u2606bwahacough\n|player|p2|\n|l|\u2606SeaWolfMikess\n|player|p1|\n","uploadtime":1733857966,"views":47,"formatid":"gen9vgc2024regh","rating":1785,"private":0,"password":null}