{"id":"gen9vgc2024regh-2260061188","format":"[Gen 9] VGC 2024 Reg H","players":["Koorinoobake","ttps65"],"log":"|j|\u2606Koorinoobake\n|j|\u2606ttps65\n|t:|1733797182\n|gametype|doubles\n|player|p1|Koorinoobake|266|1701\n|player|p2|ttps65|lucas|1639\n|teamsize|p1|6\n|teamsize|p2|6\n|gen|9\n|tier|[Gen 9] VGC 2024 Reg H\n|rated|\n|rule|Species Clause: Limit one of each Pok\u00e9mon\n|rule|Item Clause: Limit 1 of each item\n|clearpoke\n|poke|p1|Archaludon, L50, M|\n|poke|p1|Pelipper, L50, M|\n|poke|p1|Dragonite, L50, M|\n|poke|p1|Ursaluna, L50, F|\n|poke|p1|Sinistcha, L50|\n|poke|p1|Gholdengo, L50|\n|poke|p2|Annihilape, L50, M|\n|poke|p2|Dragonite, L50, M|\n|poke|p2|Archaludon, L50, F|\n|poke|p2|Ninetales-Alola, L50, M|\n|poke|p2|Kingambit, L50, M|\n|poke|p2|Incineroar, L50, F|\n|teampreview|4\n|\n|t:|1733797214\n|start\n|switch|p1a: Dragonite|Dragonite, L50, M|100\/100\n|switch|p1b: Archaludon|Archaludon, L50, M|100\/100\n|switch|p2a: Annihilape|Annihilape, L50, M|100\/100\n|switch|p2b: Dragonite|Dragonite, L50, M|100\/100\n|turn|1\n|j| sachabot\n|\n|t:|1733797238\n|-terastallize|p2b: Dragonite|Steel\n|move|p2a: Annihilape|Coaching|p2b: Dragonite\n|-boost|p2b: Dragonite|atk|1\n|-boost|p2b: Dragonite|def|1\n|move|p2b: Dragonite|Tailwind|p2b: Dragonite\n|-sidestart|p2: ttps65|move: Tailwind\n|move|p1a: Dragonite|Scale Shot|p1b: Archaludon\n|-damage|p1b: Archaludon|91\/100\n|-ability|p1b: Archaludon|Stamina|boost\n|-boost|p1b: Archaludon|def|1\n|-damage|p1b: Archaludon|85\/100\n|-ability|p1b: Archaludon|Stamina|boost\n|-boost|p1b: Archaludon|def|1\n|-damage|p1b: Archaludon|81\/100\n|-ability|p1b: Archaludon|Stamina|boost\n|-boost|p1b: Archaludon|def|1\n|-damage|p1b: Archaludon|77\/100\n|-ability|p1b: Archaludon|Stamina|boost\n|-boost|p1b: Archaludon|def|1\n|-hitcount|p1b: Archaludon|4\n|-unboost|p1a: Dragonite|def|1\n|-boost|p1a: Dragonite|spe|1\n|move|p1b: Archaludon|Electro Shot||[still]\n|-prepare|p1b: Archaludon|Electro Shot\n|-boost|p1b: Archaludon|spa|1\n|\n|upkeep\n|turn|2\n|\n|t:|1733797265\n|move|p2a: Annihilape|Final Gambit|p1b: Archaludon\n|-damage|p1b: Archaludon|0 fnt\n|faint|p2a: Annihilape\n|faint|p1b: Archaludon\n|move|p2b: Dragonite|Scale Shot|p1a: Dragonite\n|-supereffective|p1a: Dragonite\n|-crit|p1a: Dragonite\n|-damage|p1a: Dragonite|60\/100\n|-supereffective|p1a: Dragonite\n|-damage|p1a: Dragonite|5\/100\n|-supereffective|p1a: Dragonite\n|-damage|p1a: Dragonite|0 fnt\n|faint|p1a: Dragonite\n|-hitcount|p1: Dragonite|3\n|-unboost|p2b: Dragonite|def|1\n|-boost|p2b: Dragonite|spe|1\n|\n|upkeep\n|\n|t:|1733797278\n|switch|p2a: Archaludon|Archaludon, L50, F|100\/100\n|switch|p1a: Ursaluna|Ursaluna, L50, F|100\/100\n|switch|p1b: Sinistcha|Sinistcha, L50|100\/100\n|turn|3\n|\n|t:|1733797288\n|move|p1a: Ursaluna|Protect|p1a: Ursaluna\n|-singleturn|p1a: Ursaluna|Protect\n|move|p2b: Dragonite|Scale Shot|p1b: Sinistcha\n|-damage|p1b: Sinistcha|80\/100\n|-damage|p1b: Sinistcha|62\/100\n|-damage|p1b: Sinistcha|43\/100\n|-enditem|p1b: Sinistcha|Sitrus Berry|[eat]\n|-heal|p1b: Sinistcha|68\/100|[from] item: Sitrus Berry\n|-damage|p1b: Sinistcha|50\/100\n|-hitcount|p1b: Sinistcha|4\n|-unboost|p2b: Dragonite|def|1\n|-boost|p2b: Dragonite|spe|1\n|move|p2a: Archaludon|Electro Shot||[still]\n|-prepare|p2a: Archaludon|Electro Shot\n|-boost|p2a: Archaludon|spa|1\n|-enditem|p2a: Archaludon|Power Herb\n|-anim|p2a: Archaludon|Electro Shot|p1b: Sinistcha\n|-resisted|p1b: Sinistcha\n|-damage|p1b: Sinistcha|13\/100\n|move|p1b: Sinistcha|Trick Room|p1b: Sinistcha\n|-fieldstart|move: Trick Room|[of] p1b: Sinistcha\n|\n|-status|p1a: Ursaluna|brn|[from] item: Flame Orb\n|upkeep\n|turn|4\n|\n|t:|1733797323\n|move|p2b: Dragonite|Protect|p2b: Dragonite\n|-singleturn|p2b: Dragonite|Protect\n|move|p1b: Sinistcha|Matcha Gotcha|p2b: Dragonite|[spread] p2a\n|-activate|p2b: Dragonite|move: Protect\n|-resisted|p2a: Archaludon\n|-damage|p2a: Archaludon|92\/100\n|-heal|p1b: Sinistcha|17\/100|[from] drain|[of] p2a: Archaludon\n|move|p1a: Ursaluna|Earthquake|p2a: Archaludon|[spread] p1b,p2a\n|-activate|p2b: Dragonite|move: Protect\n|-resisted|p1b: Sinistcha\n|-supereffective|p2a: Archaludon\n|-damage|p1b: Sinistcha|0 fnt\n|-damage|p2a: Archaludon|0 fnt\n|faint|p1b: Sinistcha\n|faint|p2a: Archaludon\n|\n|-damage|p1a: Ursaluna|94\/100 brn|[from] brn\n|-sideend|p2: ttps65|move: Tailwind\n|upkeep\n|\n|t:|1733797339\n|switch|p2a: Kingambit|Kingambit, L50, M|100\/100\n|turn|5\n|\n|t:|1733797349\n|move|p2b: Dragonite|Extreme Speed|p1a: Ursaluna\n|-damage|p1a: Ursaluna|61\/100 brn\n|move|p2a: Kingambit|Kowtow Cleave|p1a: Ursaluna\n|-damage|p1a: Ursaluna|27\/100 brn\n|move|p1a: Ursaluna|Earthquake|p2b: Dragonite|[spread] p2a,p2b\n|-supereffective|p2a: Kingambit\n|-supereffective|p2b: Dragonite\n|-damage|p2a: Kingambit|6\/100\n|-damage|p2b: Dragonite|0 fnt\n|faint|p2b: Dragonite\n|\n|-damage|p1a: Ursaluna|20\/100 brn|[from] brn\n|upkeep\n|turn|6\n|\n|t:|1733797361\n|move|p2a: Kingambit|Kowtow Cleave|p1a: Ursaluna\n|-damage|p1a: Ursaluna|0 fnt\n|faint|p1a: Ursaluna\n|\n|win|ttps65\n|raw|Koorinoobake's rating: 1701 &rarr; <strong>1677<\/strong><br \/>(-24 for losing)\n|raw|ttps65's rating: 1639 &rarr; <strong>1663<\/strong><br \/>(+24 for winning)\n|l|\u2606Koorinoobake\n|player|p1|\n|l|\u2606ttps65\n|player|p2|\n|l| sachabot\n","uploadtime":1733797532,"views":10,"formatid":"gen9vgc2024regh","rating":1663,"private":0,"password":null}