{"id":"gen9vgc2024regh-2260488128","format":"[Gen 9] VGC 2024 Reg H","players":["SeaWolfMikess","raul6248"],"log":"|j|\u2606SeaWolfMikess\n|j|\u2606raul6248\n|t:|1733856424\n|gametype|doubles\n|player|p1|SeaWolfMikess|hugh|1838\n|player|p2|raul6248|shadowtriad|1743\n|teamsize|p1|6\n|teamsize|p2|6\n|gen|9\n|tier|[Gen 9] VGC 2024 Reg H\n|rated|\n|rule|Species Clause: Limit one of each Pok\u00e9mon\n|rule|Item Clause: Limit 1 of each item\n|clearpoke\n|poke|p1|Pelipper, L50, F|\n|poke|p1|Archaludon, L50, F|\n|poke|p1|Rillaboom, L50, F|\n|poke|p1|Sneasler, L50, M|\n|poke|p1|Incineroar, L50, F|\n|poke|p1|Gholdengo, L50|\n|poke|p2|Torkoal, L50, F|\n|poke|p2|Lilligant-Hisui, L50, F|\n|poke|p2|Indeedee, L50, M|\n|poke|p2|Oranguru, L50, M|\n|poke|p2|Ursaluna-Bloodmoon, L50, M|\n|poke|p2|Rillaboom, L50, M|\n|teampreview|4\n|\n|t:|1733856452\n|start\n|switch|p1a: Sneasler|Sneasler, L50, M|100\/100\n|switch|p1b: Archaludon|Archaludon, L50, F|100\/100\n|switch|p2a: Rillaboom|Rillaboom, L50, M|100\/100\n|switch|p2b: Oranguru|Oranguru, L50, M|100\/100\n|-fieldstart|move: Grassy Terrain|[from] ability: Grassy Surge|[of] p2a: Rillaboom\n|-enditem|p1a: Sneasler|Grassy Seed\n|-boost|p1a: Sneasler|def|1|[from] item: Grassy Seed\n|turn|1\n|\n|t:|1733856498\n|move|p1a: Sneasler|Dire Claw|p2b: Oranguru\n|-damage|p2b: Oranguru|59\/100\n|-status|p2b: Oranguru|psn\n|move|p2a: Rillaboom|U-turn|p1a: Sneasler\n|-resisted|p1a: Sneasler\n|-damage|p1a: Sneasler|93\/100\n|\n|t:|1733856506\n|switch|p2a: Ursaluna|Ursaluna-Bloodmoon, L50, M|100\/100|[from] U-turn\n|move|p1b: Archaludon|Electro Shot||[still]\n|-prepare|p1b: Archaludon|Electro Shot\n|-boost|p1b: Archaludon|spa|1\n|-enditem|p1b: Archaludon|Power Herb\n|-anim|p1b: Archaludon|Electro Shot|p2b: Oranguru\n|-damage|p2b: Oranguru|10\/100 psn\n|move|p2b: Oranguru|Trick Room|p2b: Oranguru\n|-fieldstart|move: Trick Room|[of] p2b: Oranguru\n|\n|-heal|p2b: Oranguru|16\/100 psn|[from] Grassy Terrain\n|-heal|p1a: Sneasler|99\/100|[from] Grassy Terrain\n|-damage|p2b: Oranguru|4\/100 psn|[from] psn\n|upkeep\n|turn|2\n|\n|t:|1733856527\n|-terastallize|p2a: Ursaluna|Normal\n|move|p1b: Archaludon|Protect|p1b: Archaludon\n|-singleturn|p1b: Archaludon|Protect\n|move|p1a: Sneasler|Protect|p1a: Sneasler\n|-singleturn|p1a: Sneasler|Protect\n|move|p2a: Ursaluna|Hyper Voice|p1b: Archaludon|[spread] \n|-activate|p1a: Sneasler|move: Protect\n|-activate|p1b: Archaludon|move: Protect\n|move|p2b: Oranguru|Instruct|p2a: Ursaluna\n|-singleturn|p2a: Ursaluna|move: Instruct|[of] p2b: Oranguru\n|move|p2a: Ursaluna|Hyper Voice|p1a: Sneasler|[spread] \n|-activate|p1a: Sneasler|move: Protect\n|-activate|p1b: Archaludon|move: Protect\n|\n|-heal|p2b: Oranguru|10\/100 psn|[from] Grassy Terrain\n|-heal|p1a: Sneasler|100\/100|[from] Grassy Terrain\n|-damage|p2b: Oranguru|0 fnt|[from] psn\n|faint|p2b: Oranguru\n|upkeep\n|\n|t:|1733856534\n|switch|p2b: Torkoal|Torkoal, L50, F|100\/100\n|-weather|SunnyDay|[from] ability: Drought|[of] p2b: Torkoal\n|turn|3\n|\n|t:|1733856563\n|move|p1b: Archaludon|Protect|p1b: Archaludon\n|-singleturn|p1b: Archaludon|Protect\n|move|p1a: Sneasler|Protect||[still]\n|-fail|p1a: Sneasler\n|move|p2b: Torkoal|Eruption|p1a: Sneasler|[spread] p1a\n|-activate|p1b: Archaludon|move: Protect\n|-damage|p1a: Sneasler|0 fnt\n|faint|p1a: Sneasler\n|move|p2a: Ursaluna|Hyper Voice|p1b: Archaludon\n|-activate|p1b: Archaludon|move: Protect\n|\n|-weather|SunnyDay|[upkeep]\n|upkeep\n|\n|t:|1733856568\n|switch|p1a: Rillaboom|Rillaboom, L50, F|100\/100\n|turn|4\n|\n|t:|1733856586\n|switch|p2b: Rillaboom|Rillaboom, L50, M|100\/100\n|move|p2a: Ursaluna|Protect|p2a: Ursaluna\n|-singleturn|p2a: Ursaluna|Protect\n|move|p1a: Rillaboom|Fake Out|p2b: Rillaboom\n|-damage|p2b: Rillaboom|85\/100\n|move|p1b: Archaludon|Dragon Pulse|p2a: Ursaluna\n|-activate|p2a: Ursaluna|move: Protect\n|\n|-weather|SunnyDay|[upkeep]\n|-heal|p2b: Rillaboom|91\/100|[from] Grassy Terrain\n|upkeep\n|turn|5\n|\n|t:|1733856601\n|move|p1b: Archaludon|Protect|p1b: Archaludon\n|-singleturn|p1b: Archaludon|Protect\n|move|p2b: Rillaboom|Fake Out|p1a: Rillaboom\n|-damage|p1a: Rillaboom|87\/100\n|move|p2a: Ursaluna|Earth Power|p1b: Archaludon\n|-activate|p1b: Archaludon|move: Protect\n|cant|p1a: Rillaboom|flinch\n|\n|-weather|SunnyDay|[upkeep]\n|-heal|p1a: Rillaboom|93\/100|[from] Grassy Terrain\n|-heal|p2b: Rillaboom|96\/100|[from] Grassy Terrain\n|-fieldend|move: Trick Room\n|-fieldend|move: Grassy Terrain\n|upkeep\n|turn|6\n|\n|t:|1733856621\n|move|p2a: Ursaluna|Protect|p2a: Ursaluna\n|-singleturn|p2a: Ursaluna|Protect\n|move|p1b: Archaludon|Dragon Pulse|p2a: Ursaluna\n|-activate|p2a: Ursaluna|move: Protect\n|move|p2b: Rillaboom|U-turn|p1a: Rillaboom\n|-supereffective|p1a: Rillaboom\n|-damage|p1a: Rillaboom|43\/100\n|\n|t:|1733856628\n|switch|p2b: Torkoal|Torkoal, L50, F|100\/100|[from] U-turn\n|move|p1a: Rillaboom|Wood Hammer|p2a: Ursaluna\n|-activate|p2a: Ursaluna|move: Protect\n|\n|-weather|SunnyDay|[upkeep]\n|upkeep\n|turn|7\n|\n|t:|1733856639\n|switch|p2a: Rillaboom|Rillaboom, L50, M|96\/100\n|-fieldstart|move: Grassy Terrain|[from] ability: Grassy Surge|[of] p2a: Rillaboom\n|move|p1b: Archaludon|Dragon Pulse|p2b: Torkoal\n|-damage|p2b: Torkoal|16\/100\n|move|p1a: Rillaboom|High Horsepower|p2b: Torkoal\n|-supereffective|p2b: Torkoal\n|-damage|p2b: Torkoal|0 fnt\n|faint|p2b: Torkoal\n|\n|-weather|none\n|-heal|p2a: Rillaboom|100\/100|[from] Grassy Terrain\n|-heal|p1a: Rillaboom|49\/100|[from] Grassy Terrain\n|upkeep\n|\n|t:|1733856648\n|switch|p2b: Ursaluna|Ursaluna-Bloodmoon, L50, M, tera:Normal|100\/100\n|turn|8\n|\n|t:|1733856654\n|switch|p1a: Incineroar|Incineroar, L50, F|100\/100\n|-ability|p1a: Incineroar|Intimidate|boost\n|-unboost|p2a: Rillaboom|atk|1\n|-unboost|p2b: Ursaluna|atk|1\n|move|p1b: Archaludon|Protect|p1b: Archaludon\n|-singleturn|p1b: Archaludon|Protect\n|move|p2a: Rillaboom|Fake Out|p1a: Incineroar\n|-damage|p1a: Incineroar|94\/100\n|move|p2b: Ursaluna|Hyper Voice|p1a: Incineroar|[spread] p1a\n|-activate|p1b: Archaludon|move: Protect\n|-damage|p1a: Incineroar|44\/100\n|-enditem|p2b: Ursaluna|Throat Spray\n|-boost|p2b: Ursaluna|spa|1|[from] item: Throat Spray\n|\n|-heal|p1a: Incineroar|50\/100|[from] Grassy Terrain\n|upkeep\n|turn|9\n|\n|t:|1733856688\n|move|p2b: Ursaluna|Protect|p2b: Ursaluna\n|-singleturn|p2b: Ursaluna|Protect\n|move|p1a: Incineroar|Fake Out|p2b: Ursaluna\n|-activate|p2b: Ursaluna|move: Protect\n|move|p1b: Archaludon|Electro Shot||[still]\n|-prepare|p1b: Archaludon|Electro Shot\n|-boost|p1b: Archaludon|spa|1\n|move|p2a: Rillaboom|Wood Hammer|p1a: Incineroar\n|-resisted|p1a: Incineroar\n|-damage|p1a: Incineroar|31\/100\n|-damage|p2a: Rillaboom|93\/100|[from] Recoil\n|\n|-heal|p2a: Rillaboom|99\/100|[from] Grassy Terrain\n|-heal|p1a: Incineroar|37\/100|[from] Grassy Terrain\n|upkeep\n|turn|10\n|\n|t:|1733856717\n|move|p2a: Rillaboom|Grassy Glide|p1a: Incineroar\n|-resisted|p1a: Incineroar\n|-damage|p1a: Incineroar|27\/100\n|move|p1b: Archaludon|Electro Shot|p2b: Ursaluna|[from]lockedmove\n|-damage|p2b: Ursaluna|5\/100\n|move|p1a: Incineroar|Flare Blitz|p2b: Ursaluna\n|-crit|p2b: Ursaluna\n|-damage|p2b: Ursaluna|0 fnt\n|faint|p2b: Ursaluna\n|-damage|p1a: Incineroar|26\/100|[from] Recoil\n|\n|-heal|p2a: Rillaboom|100\/100|[from] Grassy Terrain\n|-heal|p1a: Incineroar|32\/100|[from] Grassy Terrain\n|upkeep\n|turn|11\n|-message|raul6248 forfeited.\n|\n|win|SeaWolfMikess\n|raw|SeaWolfMikess's rating: 1838 &rarr; <strong>1853<\/strong><br \/>(+15 for winning)\n|raw|raul6248's rating: 1743 &rarr; <strong>1728<\/strong><br \/>(-15 for losing)\n|l|\u2606raul6248\n|player|p2|\n|l|\u2606SeaWolfMikess\n|player|p1|\n","uploadtime":1733856867,"views":32,"formatid":"gen9vgc2024regh","rating":1728,"private":0,"password":null}