{"id":"gen9vgc2024regh-2260771514","format":"[Gen 9] VGC 2024 Reg H","players":["Ratrap","Spottedwoot"],"log":"|j|\u2606Ratrap\n|j|\u2606Spottedwoot\n|t:|1733889639\n|gametype|doubles\n|player|p1|Ratrap|elesa|1679\n|player|p2|Spottedwoot|1|1802\n|teamsize|p1|6\n|teamsize|p2|6\n|gen|9\n|tier|[Gen 9] VGC 2024 Reg H\n|rated|\n|rule|Species Clause: Limit one of each Pok\u00e9mon\n|rule|Item Clause: Limit 1 of each item\n|clearpoke\n|poke|p1|Primeape, L50, F|\n|poke|p1|Dragonite, L50, M|\n|poke|p1|Incineroar, L50, F|\n|poke|p1|Meowscarada, L50, M|\n|poke|p1|Archaludon, L50, M|\n|poke|p1|Ninetales-Alola, L50, M|\n|poke|p2|Kingambit, L50, F|\n|poke|p2|Primarina, L50, M|\n|poke|p2|Salamence, L50, F|\n|poke|p2|Gholdengo, L50|\n|poke|p2|Sneasler, L50, M|\n|poke|p2|Volcarona, L50, M|\n|teampreview|4\n|inactive|Battle timer is ON: inactive players will automatically lose when time's up. (requested by Ratrap)\n|inactive|Ratrap has 60 seconds left.\n|\n|t:|1733889675\n|start\n|switch|p1a: Meowscarada|Meowscarada, L50, M|100\/100\n|switch|p1b: Archaludon|Archaludon, L50, M|100\/100\n|switch|p2a: Salamence|Salamence, L50, F|100\/100\n|switch|p2b: Sneasler|Sneasler, L50, M|100\/100\n|-ability|p2a: Salamence|Intimidate|boost\n|-unboost|p1a: Meowscarada|atk|1\n|-unboost|p1b: Archaludon|atk|1\n|turn|1\n|\n|t:|1733889686\n|move|p1a: Meowscarada|Knock Off|p2a: Salamence\n|-damage|p2a: Salamence|58\/100\n|-enditem|p2a: Salamence|Life Orb|[from] move: Knock Off|[of] p1a: Meowscarada\n|move|p2b: Sneasler|Close Combat|p1b: Archaludon\n|-supereffective|p1b: Archaludon\n|-ability|p1b: Archaludon|Sturdy\n|-damage|p1b: Archaludon|1\/100\n|-unboost|p2b: Sneasler|def|1\n|-unboost|p2b: Sneasler|spd|1\n|move|p2a: Salamence|Tailwind|p2a: Salamence\n|-sidestart|p2: Spottedwoot|move: Tailwind\n|move|p1b: Archaludon|Electro Shot||[still]\n|-prepare|p1b: Archaludon|Electro Shot\n|-boost|p1b: Archaludon|spa|1\n|-enditem|p1b: Archaludon|Power Herb\n|-anim|p1b: Archaludon|Electro Shot|p2a: Salamence\n|-damage|p2a: Salamence|0 fnt\n|faint|p2a: Salamence\n|\n|upkeep\n|\n|t:|1733889690\n|switch|p2a: Primarina|Primarina, L50, M|100\/100\n|turn|2\n|inactive|Ratrap has 30 seconds left.\n|inactive|Ratrap has 20 seconds left.\n|inactive|Ratrap has 15 seconds left.\n|\n|t:|1733889735\n|move|p1b: Archaludon|Protect|p1b: Archaludon\n|-singleturn|p1b: Archaludon|Protect\n|move|p2b: Sneasler|Close Combat|p1a: Meowscarada\n|-supereffective|p1a: Meowscarada\n|-enditem|p1a: Meowscarada|Focus Sash\n|-damage|p1a: Meowscarada|1\/100\n|-unboost|p2b: Sneasler|def|1\n|-unboost|p2b: Sneasler|spd|1\n|move|p2a: Primarina|Hyper Voice|p1a: Meowscarada|[spread] p1a\n|-activate|p1b: Archaludon|move: Protect\n|-resisted|p1a: Meowscarada\n|-damage|p1a: Meowscarada|0 fnt\n|faint|p1a: Meowscarada\n|-enditem|p2a: Primarina|Throat Spray\n|-boost|p2a: Primarina|spa|1|[from] item: Throat Spray\n|\n|upkeep\n|\n|t:|1733889755\n|switch|p1a: Dragonite|Dragonite, L50, M|100\/100\n|turn|3\n|\n|t:|1733889772\n|switch|p1b: Incineroar|Incineroar, L50, F|100\/100\n|-ability|p1b: Incineroar|Intimidate|boost\n|-unboost|p2a: Primarina|atk|1\n|-unboost|p2b: Sneasler|atk|1\n|-terastallize|p1a: Dragonite|Steel\n|move|p2b: Sneasler|Close Combat|p1b: Incineroar\n|-supereffective|p1b: Incineroar\n|-damage|p1b: Incineroar|23\/100\n|-unboost|p2b: Sneasler|def|1\n|-unboost|p2b: Sneasler|spd|1\n|move|p2a: Primarina|Moonblast|p1a: Dragonite\n|-resisted|p1a: Dragonite\n|-damage|p1a: Dragonite|80\/100\n|move|p1a: Dragonite|Scale Shot|p2b: Sneasler\n|-damage|p2b: Sneasler|39\/100\n|-damage|p2b: Sneasler|0 fnt\n|faint|p2b: Sneasler\n|-hitcount|p2: Sneasler|2\n|-unboost|p1a: Dragonite|def|1\n|-boost|p1a: Dragonite|spe|1\n|\n|upkeep\n|\n|t:|1733889775\n|switch|p2b: Gholdengo|Gholdengo, L50|100\/100\n|turn|4\n|inactive|Ratrap has 30 seconds left.\n|\n|t:|1733889802\n|move|p2b: Gholdengo|Shadow Ball|p1a: Dragonite\n|-damage|p1a: Dragonite|10\/100\n|move|p1a: Dragonite|Iron Head|p2a: Primarina\n|-damage|p2a: Primarina|44\/100\n|move|p2a: Primarina|Hyper Voice|p1a: Dragonite|[spread] p1a,p1b\n|-supereffective|p1b: Incineroar\n|-damage|p1a: Dragonite|0 fnt\n|-damage|p1b: Incineroar|0 fnt\n|faint|p1a: Dragonite\n|faint|p1b: Incineroar\n|\n|-sideend|p2: Spottedwoot|move: Tailwind\n|upkeep\n|\n|t:|1733889810\n|switch|p1b: Archaludon|Archaludon, L50, M|1\/100\n|turn|5\n|-message|Ratrap forfeited.\n|\n|win|Spottedwoot\n|raw|Ratrap's rating: 1679 &rarr; <strong>1666<\/strong><br \/>(-13 for losing)\n|raw|Spottedwoot's rating: 1802 &rarr; <strong>1815<\/strong><br \/>(+13 for winning)\n|c|\u2606Ratrap|Gg\n|c|\u2606Ratrap|Cool team\n|c|\u2606Spottedwoot|ty\n","uploadtime":1733889993,"views":13,"formatid":"gen9vgc2024regh","rating":1666,"private":0,"password":null}