{"id":"gen9vgc2024regh-2260755537","format":"[Gen 9] VGC 2024 Reg H","players":["Spottedwoot","falcon108"],"log":"|j|\u2606Spottedwoot\n|j|\u2606falcon108\n|t:|1733887408\n|gametype|doubles\n|player|p1|Spottedwoot|1|1741\n|player|p2|falcon108|palmer|1781\n|teamsize|p1|6\n|teamsize|p2|6\n|gen|9\n|tier|[Gen 9] VGC 2024 Reg H\n|rated|\n|rule|Species Clause: Limit one of each Pok\u00e9mon\n|rule|Item Clause: Limit 1 of each item\n|clearpoke\n|poke|p1|Kingambit, L50, F|\n|poke|p1|Primarina, L50, M|\n|poke|p1|Salamence, L50, F|\n|poke|p1|Gholdengo, L50|\n|poke|p1|Sneasler, L50, F|\n|poke|p1|Volcarona, L50, M|\n|poke|p2|Kingambit, L50, M|\n|poke|p2|Rillaboom, L50, F|\n|poke|p2|Electabuzz, L50, F|\n|poke|p2|Blaziken, L50, F|\n|poke|p2|Dragapult, L50, F|\n|poke|p2|Primarina, L50, F|\n|teampreview|4\n|inactive|Battle timer is ON: inactive players will automatically lose when time's up. (requested by falcon108)\n|inactive|Spottedwoot has 60 seconds left.\n|\n|t:|1733887460\n|start\n|switch|p1a: Primarina|Primarina, L50, M|100\/100\n|switch|p1b: Sneasler|Sneasler, L50, F|100\/100\n|switch|p2a: Fastball|Blaziken, L50, F|100\/100\n|switch|p2b: Cutter|Kingambit, L50, M|100\/100\n|turn|1\n|\n|t:|1733887484\n|switch|p2b: Slider|Primarina, L50, F|100\/100\n|move|p2a: Fastball|Protect|p2a: Fastball\n|-singleturn|p2a: Fastball|Protect\n|move|p1b: Sneasler|Fake Out|p2a: Fastball\n|-activate|p2a: Fastball|move: Protect\n|move|p1a: Primarina|Hyper Voice|p2b: Slider|[spread] p2b\n|-activate|p2a: Fastball|move: Protect\n|-resisted|p2b: Slider\n|-damage|p2b: Slider|86\/100\n|-enditem|p1a: Primarina|Throat Spray\n|-boost|p1a: Primarina|spa|1|[from] item: Throat Spray\n|\n|-ability|p2a: Fastball|Speed Boost|boost\n|-boost|p2a: Fastball|spe|1\n|upkeep\n|turn|2\n|inactive|falcon108 has 30 seconds left.\n|\n|t:|1733887515\n|switch|p2a: Knuckleball|Electabuzz, L50, F|100\/100\n|move|p1b: Sneasler|Protect|p1b: Sneasler\n|-singleturn|p1b: Sneasler|Protect\n|move|p1a: Primarina|Hyper Voice|p2a: Knuckleball|[spread] p2a,p2b\n|-resisted|p2b: Slider\n|-damage|p2a: Knuckleball|60\/100\n|-damage|p2b: Slider|65\/100\n|move|p2b: Slider|Moonblast|p1b: Sneasler\n|-activate|p1b: Sneasler|move: Protect\n|\n|upkeep\n|turn|3\n|\n|t:|1733887532\n|switch|p1b: Gholdengo|Gholdengo, L50|100\/100\n|move|p2a: Knuckleball|Follow Me|p2a: Knuckleball\n|-singleturn|p2a: Knuckleball|move: Follow Me\n|move|p1a: Primarina|Moonblast|p2a: Knuckleball\n|-damage|p2a: Knuckleball|0 fnt\n|faint|p2a: Knuckleball\n|move|p2b: Slider|Hyper Voice|p1b: Gholdengo|[spread] p1a,p1b\n|-resisted|p1a: Primarina\n|-damage|p1a: Primarina|85\/100\n|-damage|p1b: Gholdengo|54\/100\n|\n|upkeep\n|\n|t:|1733887537\n|switch|p2a: Cutter|Kingambit, L50, M|100\/100\n|turn|4\n|\n|t:|1733887547\n|move|p1b: Gholdengo|Focus Blast|p2a: Cutter|[miss]\n|-miss|p1b: Gholdengo|p2a: Cutter\n|move|p1a: Primarina|Hyper Voice|p2b: Slider|[spread] p2a,p2b\n|-resisted|p2b: Slider\n|-damage|p2a: Cutter|71\/100\n|-damage|p2b: Slider|41\/100\n|-enditem|p2b: Slider|Sitrus Berry|[eat]\n|-heal|p2b: Slider|66\/100|[from] item: Sitrus Berry\n|move|p2b: Slider|Moonblast|p1a: Primarina\n|-damage|p1a: Primarina|44\/100\n|move|p2a: Cutter|Iron Head|p1a: Primarina\n|-damage|p1a: Primarina|0 fnt\n|faint|p1a: Primarina\n|\n|upkeep\n|\n|t:|1733887556\n|switch|p1a: Sneasler|Sneasler, L50, F|100\/100\n|turn|5\n|c|\u2606falcon108|Sorry\n|\n|t:|1733887568\n|switch|p1b: Kingambit|Kingambit, L50, F|100\/100\n|-terastallize|p2a: Cutter|Fire\n|move|p1a: Sneasler|Dire Claw|p2b: Slider\n|-supereffective|p2b: Slider\n|-damage|p2b: Slider|0 fnt\n|faint|p2b: Slider\n|move|p2a: Cutter|Iron Head|p1a: Sneasler\n|-damage|p1a: Sneasler|19\/100\n|\n|upkeep\n|\n|t:|1733887576\n|switch|p2b: Fastball|Blaziken, L50, F|100\/100\n|turn|6\n|inactive|falcon108 has 30 seconds left.\n|\n|t:|1733887602\n|-terastallize|p1b: Kingambit|Dark\n|move|p1a: Sneasler|Dire Claw|p2b: Fastball\n|-damage|p2b: Fastball|36\/100\n|-status|p2b: Fastball|psn\n|move|p2b: Fastball|Coaching|p2a: Cutter\n|-boost|p2a: Cutter|atk|1\n|-boost|p2a: Cutter|def|1\n|move|p2a: Cutter|Iron Head|p1a: Sneasler\n|-damage|p1a: Sneasler|0 fnt\n|faint|p1a: Sneasler\n|move|p1b: Kingambit|Kowtow Cleave|p2b: Fastball\n|-resisted|p2b: Fastball\n|-damage|p2b: Fastball|0 fnt\n|faint|p2b: Fastball\n|\n|upkeep\n|\n|t:|1733887609\n|switch|p1a: Gholdengo|Gholdengo, L50|54\/100\n|turn|7\n|\n|t:|1733887614\n|move|p2a: Cutter|Sucker Punch||[still]\n|-fail|p2a: Cutter\n|move|p1a: Gholdengo|Trick|p2a: Cutter\n|-activate|p1a: Gholdengo|move: Trick|[of] p2a: Cutter\n|-item|p2a: Cutter|Choice Specs|[from] move: Trick\n|-item|p1a: Gholdengo|Assault Vest|[from] move: Trick\n|move|p1b: Kingambit|Swords Dance|p1b: Kingambit\n|-boost|p1b: Kingambit|atk|2\n|\n|upkeep\n|turn|8\n|\n|t:|1733887632\n|move|p1a: Gholdengo|Shadow Ball|p2a: Cutter\n|-damage|p2a: Cutter|33\/100\n|move|p2a: Cutter|Kowtow Cleave|p1a: Gholdengo\n|-supereffective|p1a: Gholdengo\n|-damage|p1a: Gholdengo|0 fnt\n|faint|p1a: Gholdengo\n|move|p1b: Kingambit|Kowtow Cleave|p2a: Cutter\n|-damage|p2a: Cutter|0 fnt\n|faint|p2a: Cutter\n|\n|win|Spottedwoot\n|raw|Spottedwoot's rating: 1741 &rarr; <strong>1763<\/strong><br \/>(+22 for winning)\n|raw|falcon108's rating: 1781 &rarr; <strong>1759<\/strong><br \/>(-22 for losing)\n|l|\u2606falcon108\n|player|p2|\n|l|\u2606Spottedwoot\n|player|p1|\n","uploadtime":1733887815,"views":12,"formatid":"gen9vgc2024regh","rating":1759,"private":0,"password":null}