{"id":"gen9vgc2024regh-2260714351","format":"[Gen 9] VGC 2024 Reg H","players":["Spottedwoot","totolaw"],"log":"|j|\u2606Spottedwoot\n|j|\u2606totolaw\n|t:|1733881930\n|gametype|doubles\n|player|p1|Spottedwoot|1|1721\n|player|p2|totolaw|2|1682\n|teamsize|p1|6\n|teamsize|p2|6\n|gen|9\n|tier|[Gen 9] VGC 2024 Reg H\n|rated|\n|rule|Species Clause: Limit one of each Pok\u00e9mon\n|rule|Item Clause: Limit 1 of each item\n|clearpoke\n|poke|p1|Kingambit, L50, M|\n|poke|p1|Primarina, L50, M|\n|poke|p1|Salamence, L50, F|\n|poke|p1|Gholdengo, L50|\n|poke|p1|Sneasler, L50, F|\n|poke|p1|Volcarona, L50, F|\n|poke|p2|Tyranitar, L50, M|\n|poke|p2|Excadrill, L50, M|\n|poke|p2|Flamigo, L50, F|\n|poke|p2|Milotic, L50, F|\n|poke|p2|Amoonguss, L50, M|\n|poke|p2|Ceruledge, L50, M|\n|teampreview|4\n|\n|t:|1733881969\n|start\n|switch|p1a: Sneasler|Sneasler, L50, F|100\/100\n|switch|p1b: Primarina|Primarina, L50, M|100\/100\n|switch|p2a: Flamigo|Flamigo, L50, F|100\/100\n|switch|p2b: Milotic|Milotic, L50, F|100\/100\n|turn|1\n|\n|t:|1733881977\n|move|p2a: Flamigo|Detect|p2a: Flamigo\n|-singleturn|p2a: Flamigo|Protect\n|move|p2b: Milotic|Protect|p2b: Milotic\n|-singleturn|p2b: Milotic|Protect\n|move|p1a: Sneasler|Fake Out|p2b: Milotic\n|-activate|p2b: Milotic|move: Protect\n|move|p1b: Primarina|Hyper Voice|p2b: Milotic|[spread] \n|-activate|p2a: Flamigo|move: Protect\n|-activate|p2b: Milotic|move: Protect\n|\n|upkeep\n|turn|2\n|\n|t:|1733881990\n|move|p1a: Sneasler|Protect|p1a: Sneasler\n|-singleturn|p1a: Sneasler|Protect\n|move|p2a: Flamigo|Wide Guard|p2a: Flamigo\n|-singleturn|p2a: Flamigo|Wide Guard\n|move|p2b: Milotic|Icy Wind|p1a: Sneasler|[spread] p1b\n|-activate|p1a: Sneasler|move: Protect\n|-resisted|p1b: Primarina\n|-damage|p1b: Primarina|95\/100\n|-unboost|p1b: Primarina|spe|1\n|move|p1b: Primarina|Hyper Voice|p2a: Flamigo|[spread] \n|-activate|p2a: Flamigo|move: Wide Guard\n|-activate|p2b: Milotic|move: Wide Guard\n|\n|upkeep\n|turn|3\n|\n|t:|1733882009\n|switch|p1a: Kingambit|Kingambit, L50, M|100\/100\n|move|p2a: Flamigo|Brave Bird|p1a: Kingambit\n|-resisted|p1a: Kingambit\n|-damage|p1a: Kingambit|76\/100\n|-damage|p2a: Flamigo|90\/100|[from] Recoil\n|move|p2b: Milotic|Icy Wind|p1b: Primarina|[spread] p1a,p1b\n|-resisted|p1a: Kingambit\n|-resisted|p1b: Primarina\n|-damage|p1a: Kingambit|71\/100\n|-damage|p1b: Primarina|90\/100\n|-unboost|p1a: Kingambit|spe|1\n|-ability|p1a: Kingambit|Defiant|boost\n|-boost|p1a: Kingambit|atk|2\n|-unboost|p1b: Primarina|spe|1\n|move|p1b: Primarina|Moonblast|p2a: Flamigo\n|-supereffective|p2a: Flamigo\n|-damage|p2a: Flamigo|0 fnt\n|faint|p2a: Flamigo\n|\n|upkeep\n|\n|t:|1733882026\n|switch|p2a: Excadrill|Excadrill, L50, M|100\/100\n|turn|4\n|\n|t:|1733882032\n|move|p2a: Excadrill|Protect|p2a: Excadrill\n|-singleturn|p2a: Excadrill|Protect\n|move|p1a: Kingambit|Protect|p1a: Kingambit\n|-singleturn|p1a: Kingambit|Protect\n|move|p2b: Milotic|Haze|p2b: Milotic\n|-clearallboost\n|move|p1b: Primarina|Hyper Voice|p2a: Excadrill|[spread] p2b\n|-activate|p2a: Excadrill|move: Protect\n|-resisted|p2b: Milotic\n|-damage|p2b: Milotic|89\/100\n|-enditem|p1b: Primarina|Throat Spray\n|-boost|p1b: Primarina|spa|1|[from] item: Throat Spray\n|\n|upkeep\n|turn|5\n|\n|t:|1733882050\n|switch|p1a: Salamence|Salamence, L50, F|100\/100\n|-ability|p1a: Salamence|Intimidate|boost\n|-unboost|p2a: Excadrill|atk|1\n|-unboost|p2b: Milotic|atk|1\n|-ability|p2b: Milotic|Competitive|boost\n|-boost|p2b: Milotic|spa|2\n|move|p2a: Excadrill|High Horsepower|p1a: Salamence\n|-immune|p1a: Salamence\n|move|p2b: Milotic|Haze|p2b: Milotic\n|-clearallboost\n|move|p1b: Primarina|Hyper Voice|p2b: Milotic|[spread] p2a,p2b\n|-supereffective|p2a: Excadrill\n|-resisted|p2b: Milotic\n|-damage|p2a: Excadrill|9\/100\n|-damage|p2b: Milotic|77\/100\n|\n|upkeep\n|turn|6\n|\n|t:|1733882068\n|move|p2a: Excadrill|Protect|p2a: Excadrill\n|-singleturn|p2a: Excadrill|Protect\n|move|p1a: Salamence|Tailwind|p1a: Salamence\n|-sidestart|p1: Spottedwoot|move: Tailwind\n|move|p1b: Primarina|Hyper Voice|p2a: Excadrill|[spread] p2b\n|-activate|p2a: Excadrill|move: Protect\n|-resisted|p2b: Milotic\n|-damage|p2b: Milotic|65\/100\n|move|p2b: Milotic|Scald|p1a: Salamence\n|-resisted|p1a: Salamence\n|-damage|p1a: Salamence|78\/100\n|-status|p1a: Salamence|brn\n|\n|-damage|p1a: Salamence|72\/100 brn|[from] brn\n|upkeep\n|turn|7\n|\n|t:|1733882084\n|switch|p2b: Tyranitar|Tyranitar, L50, M|100\/100\n|-weather|Sandstorm|[from] ability: Sand Stream|[of] p2b: Tyranitar\n|move|p1a: Salamence|Draco Meteor|p2b: Tyranitar\n|-crit|p2b: Tyranitar\n|-damage|p2b: Tyranitar|55\/100\n|-unboost|p1a: Salamence|spa|2\n|-damage|p1a: Salamence|62\/100 brn|[from] item: Life Orb\n|move|p2a: Excadrill|High Horsepower|p1b: Primarina\n|-damage|p1b: Primarina|25\/100\n|move|p1b: Primarina|Hyper Voice|p2a: Excadrill|[spread] p2a,p2b\n|-supereffective|p2a: Excadrill\n|-supereffective|p2b: Tyranitar\n|-damage|p2a: Excadrill|0 fnt\n|-damage|p2b: Tyranitar|27\/100\n|faint|p2a: Excadrill\n|\n|-weather|Sandstorm|[upkeep]\n|-damage|p1a: Salamence|56\/100 brn|[from] Sandstorm\n|-damage|p1b: Primarina|19\/100|[from] Sandstorm\n|-damage|p1a: Salamence|50\/100 brn|[from] brn\n|upkeep\n|\n|t:|1733882102\n|switch|p2a: Milotic|Milotic, L50, F|65\/100\n|turn|8\n|\n|t:|1733882108\n|move|p1a: Salamence|Draco Meteor|p2a: Milotic\n|-damage|p2a: Milotic|38\/100\n|-unboost|p1a: Salamence|spa|2\n|-enditem|p2a: Milotic|Sitrus Berry|[eat]\n|-heal|p2a: Milotic|62\/100|[from] item: Sitrus Berry\n|-damage|p1a: Salamence|40\/100 brn|[from] item: Life Orb\n|move|p1b: Primarina|Moonblast|p2b: Tyranitar\n|-supereffective|p2b: Tyranitar\n|-crit|p2b: Tyranitar\n|-damage|p2b: Tyranitar|0 fnt\n|faint|p2b: Tyranitar\n|move|p2a: Milotic|Icy Wind|p1a: Salamence|[spread] p1a,p1b\n|-supereffective|p1a: Salamence\n|-resisted|p1b: Primarina\n|-damage|p1a: Salamence|0 fnt\n|-damage|p1b: Primarina|14\/100\n|-unboost|p1b: Primarina|spe|1\n|faint|p1a: Salamence\n|\n|-weather|Sandstorm|[upkeep]\n|-damage|p1b: Primarina|8\/100|[from] Sandstorm\n|-damage|p2a: Milotic|56\/100|[from] Sandstorm\n|upkeep\n|\n|t:|1733882121\n|switch|p1a: Sneasler|Sneasler, L50, F|100\/100\n|turn|9\n|-message|totolaw forfeited.\n|\n|win|Spottedwoot\n|raw|Spottedwoot's rating: 1721 &rarr; <strong>1739<\/strong><br \/>(+18 for winning)\n|raw|totolaw's rating: 1682 &rarr; <strong>1664<\/strong><br \/>(-18 for losing)\n|l|\u2606totolaw\n|player|p2|\n|l|\u2606Spottedwoot\n|player|p1|\n","uploadtime":1733882358,"views":12,"formatid":"gen9vgc2024regh","rating":1664,"private":0,"password":null}