{"id":"gen9vgc2024regh-2260434654","format":"[Gen 9] VGC 2024 Reg H","players":["Brave12223","kidturtle"],"log":"|j|\u2606Brave12223\n|j|\u2606kidturtle\n|t:|1733851279\n|gametype|doubles\n|player|p1|Brave12223|ingo|1700\n|player|p2|kidturtle|hoopster|1659\n|teamsize|p1|6\n|teamsize|p2|6\n|gen|9\n|tier|[Gen 9] VGC 2024 Reg H\n|rated|\n|rule|Species Clause: Limit one of each Pok\u00e9mon\n|rule|Item Clause: Limit 1 of each item\n|clearpoke\n|poke|p1|Pelipper, L50, M|\n|poke|p1|Archaludon, L50, M|\n|poke|p1|Basculegion, L50, M|\n|poke|p1|Gholdengo, L50|\n|poke|p1|Maushold-Four, L50|\n|poke|p1|Amoonguss, L50, F|\n|poke|p2|Ninetales-Alola, L50, F|\n|poke|p2|Rillaboom, L50, M|\n|poke|p2|Magmar, L50, M|\n|poke|p2|Sneasler, L50, F|\n|poke|p2|Kingambit, L50, M|\n|poke|p2|Basculegion, L50, M|\n|teampreview|4\n|inactive|Battle timer is ON: inactive players will automatically lose when time's up. (requested by kidturtle)\n|j| futonkagebunshin\n|inactive|Brave12223 has 60 seconds left.\n|\n|t:|1733851312\n|start\n|switch|p1a: Gholdengo|Gholdengo, L50|100\/100\n|switch|p1b: Maushold|Maushold-Four, L50|100\/100\n|switch|p2a: Sneasler|Sneasler, L50, F|100\/100\n|switch|p2b: Kingambit|Kingambit, L50, M, shiny|100\/100\n|turn|1\n|\n|t:|1733851324\n|switch|p1a: Archaludon|Archaludon, L50, M|100\/100\n|move|p1b: Maushold|Protect|p1b: Maushold\n|-singleturn|p1b: Maushold|Protect\n|move|p2b: Kingambit|Sucker Punch||[still]\n|-fail|p2b: Kingambit\n|move|p2a: Sneasler|Close Combat|p1b: Maushold\n|-activate|p1b: Maushold|move: Protect\n|\n|upkeep\n|turn|2\n|inactive|Brave12223 has 30 seconds left.\n|inactive|Brave12223 has 20 seconds left.\n|\n|t:|1733851362\n|switch|p1b: Amoonguss|Amoonguss, L50, F|100\/100\n|-terastallize|p1a: Archaludon|Grass\n|move|p2b: Kingambit|Sucker Punch||[still]\n|-fail|p2b: Kingambit\n|move|p2a: Sneasler|Close Combat|p1b: Amoonguss\n|-resisted|p1b: Amoonguss\n|-damage|p1b: Amoonguss|71\/100\n|-unboost|p2a: Sneasler|def|1\n|-unboost|p2a: Sneasler|spd|1\n|move|p1a: Archaludon|Body Press|p2b: Kingambit\n|-supereffective|p2b: Kingambit\n|-damage|p2b: Kingambit|24\/100\n|\n|upkeep\n|turn|3\n|inactive|kidturtle has 30 seconds left.\n|\n|t:|1733851390\n|switch|p2b: Basculegion|Basculegion, L50, M|100\/100\n|move|p2a: Sneasler|Dire Claw|p1a: Archaludon\n|-supereffective|p1a: Archaludon\n|-damage|p1a: Archaludon|42\/100\n|-status|p1a: Archaludon|par\n|-ability|p1a: Archaludon|Stamina|boost\n|-boost|p1a: Archaludon|def|1\n|move|p1a: Archaludon|Flash Cannon|p2a: Sneasler\n|-damage|p2a: Sneasler|19\/100\n|-unboost|p2a: Sneasler|spd|1\n|move|p1b: Amoonguss|Spore|p2b: Basculegion\n|-status|p2b: Basculegion|slp|[from] move: Spore\n|\n|upkeep\n|turn|4\n|\n|t:|1733851410\n|switch|p1b: Maushold|Maushold-Four, L50|100\/100\n|cant|p2b: Basculegion|slp\n|move|p2a: Sneasler|Dire Claw|p1a: Archaludon\n|-supereffective|p1a: Archaludon\n|-damage|p1a: Archaludon|11\/100 par\n|-ability|p1a: Archaludon|Stamina|boost\n|-boost|p1a: Archaludon|def|1\n|move|p1a: Archaludon|Flash Cannon|p2a: Sneasler\n|-damage|p2a: Sneasler|0 fnt\n|faint|p2a: Sneasler\n|\n|upkeep\n|\n|t:|1733851422\n|switch|p2a: Ninetales|Ninetales-Alola, L50, F, shiny|100\/100\n|-weather|Snow|[from] ability: Snow Warning|[of] p2a: Ninetales\n|turn|5\n|\n|t:|1733851435\n|-terastallize|p2a: Ninetales|Ghost\n|cant|p2b: Basculegion|slp\n|move|p1b: Maushold|Population Bomb|p1a: Archaludon\n|-damage|p1a: Archaludon|10\/100 par\n|-ability|p1a: Archaludon|Stamina|boost\n|-boost|p1a: Archaludon|def|1\n|-damage|p1a: Archaludon|8\/100 par\n|-ability|p1a: Archaludon|Stamina|boost\n|-boost|p1a: Archaludon|def|1\n|-damage|p1a: Archaludon|7\/100 par\n|-ability|p1a: Archaludon|Stamina|boost\n|-boost|p1a: Archaludon|def|1\n|-damage|p1a: Archaludon|6\/100 par\n|-ability|p1a: Archaludon|Stamina|boost\n|-boost|p1a: Archaludon|def|1\n|-damage|p1a: Archaludon|5\/100 par\n|-damage|p1a: Archaludon|4\/100 par\n|-damage|p1a: Archaludon|3\/100 par\n|-damage|p1a: Archaludon|2\/100 par\n|-damage|p1a: Archaludon|1\/100 par\n|-damage|p1a: Archaludon|0 fnt\n|faint|p1a: Archaludon\n|-hitcount|p1: Archaludon|10\n|move|p2a: Ninetales|Blizzard|p1b: Maushold\n|-damage|p1b: Maushold|29\/100\n|-damage|p2a: Ninetales|91\/100|[from] item: Life Orb\n|\n|-weather|Snow|[upkeep]\n|upkeep\n|\n|t:|1733851446\n|switch|p1a: Gholdengo|Gholdengo, L50|100\/100\n|turn|6\n|\n|t:|1733851453\n|move|p1b: Maushold|Follow Me|p1b: Maushold\n|-singleturn|p1b: Maushold|move: Follow Me\n|cant|p2b: Basculegion|slp\n|move|p2a: Ninetales|Blizzard|p1b: Maushold|[spread] p1a,p1b\n|-resisted|p1a: Gholdengo\n|-damage|p1a: Gholdengo|86\/100\n|-damage|p1b: Maushold|0 fnt\n|faint|p1b: Maushold\n|-damage|p2a: Ninetales|82\/100|[from] item: Life Orb\n|move|p1a: Gholdengo|Shadow Ball|p2b: Basculegion\n|-supereffective|p2b: Basculegion\n|-damage|p2b: Basculegion|12\/100 slp\n|-unboost|p2b: Basculegion|spd|1\n|\n|-weather|Snow|[upkeep]\n|-heal|p1a: Gholdengo|92\/100|[from] item: Leftovers\n|upkeep\n|\n|t:|1733851459\n|switch|p1b: Amoonguss|Amoonguss, L50, F|100\/100\n|turn|7\n|\n|t:|1733851469\n|move|p1b: Amoonguss|Rage Powder|p1b: Amoonguss\n|-singleturn|p1b: Amoonguss|move: Rage Powder\n|-curestatus|p2b: Basculegion|slp|[msg]\n|move|p2b: Basculegion|Last Respects|p1b: Amoonguss\n|-damage|p1b: Amoonguss|41\/100\n|-enditem|p1b: Amoonguss|Sitrus Berry|[eat]\n|-heal|p1b: Amoonguss|66\/100|[from] item: Sitrus Berry\n|move|p2a: Ninetales|Blizzard|p1b: Amoonguss|[spread] p1a,p1b\n|-resisted|p1a: Gholdengo\n|-supereffective|p1b: Amoonguss\n|-damage|p1a: Gholdengo|73\/100\n|-damage|p1b: Amoonguss|2\/100\n|-damage|p2a: Ninetales|72\/100|[from] item: Life Orb\n|move|p1a: Gholdengo|Make It Rain|p2b: Basculegion|[spread] p2a,p2b\n|-resisted|p2b: Basculegion\n|-damage|p2a: Ninetales|15\/100\n|-damage|p2b: Basculegion|0 fnt\n|-unboost|p1a: Gholdengo|spa|1\n|faint|p2b: Basculegion\n|\n|-weather|Snow|[upkeep]\n|-heal|p1a: Gholdengo|79\/100|[from] item: Leftovers\n|upkeep\n|\n|t:|1733851479\n|switch|p2b: Kingambit|Kingambit, L50, M, shiny|24\/100\n|turn|8\n|\n|t:|1733851493\n|move|p1b: Amoonguss|Rage Powder|p1b: Amoonguss\n|-singleturn|p1b: Amoonguss|move: Rage Powder\n|move|p2a: Ninetales|Blizzard|p1a: Gholdengo|[spread] p1a,p1b\n|-resisted|p1a: Gholdengo\n|-supereffective|p1b: Amoonguss\n|-damage|p1a: Gholdengo|61\/100\n|-damage|p1b: Amoonguss|0 fnt\n|faint|p1b: Amoonguss\n|-damage|p2a: Ninetales|6\/100|[from] item: Life Orb\n|move|p1a: Gholdengo|Make It Rain|p2a: Ninetales|[spread] p2a,p2b\n|-resisted|p2b: Kingambit\n|-damage|p2a: Ninetales|0 fnt\n|-damage|p2b: Kingambit|7\/100\n|-unboost|p1a: Gholdengo|spa|1\n|faint|p2a: Ninetales\n|move|p2b: Kingambit|Kowtow Cleave|p1a: Gholdengo\n|-supereffective|p1a: Gholdengo\n|-crit|p1a: Gholdengo\n|-damage|p1a: Gholdengo|0 fnt\n|faint|p1a: Gholdengo\n|\n|win|kidturtle\n|raw|Brave12223's rating: 1700 &rarr; <strong>1678<\/strong><br \/>(-22 for losing)\n|raw|kidturtle's rating: 1659 &rarr; <strong>1681<\/strong><br \/>(+22 for winning)\n|l|\u2606Brave12223\n|player|p1|\n","uploadtime":1733851501,"views":8,"formatid":"gen9vgc2024regh","rating":1678,"private":0,"password":null}