{"id":"gen9vgc2024regh-2260058473","format":"[Gen 9] VGC 2024 Reg H","players":["ttps65","OP Ruby"],"log":"|j|\u2606ttps65\n|j|\u2606OP Ruby\n|t:|1733796827\n|gametype|doubles\n|player|p1|ttps65|lucas|1687\n|player|p2|OP Ruby|2|1662\n|teamsize|p1|6\n|teamsize|p2|6\n|gen|9\n|tier|[Gen 9] VGC 2024 Reg H\n|rated|\n|rule|Species Clause: Limit one of each Pok\u00e9mon\n|rule|Item Clause: Limit 1 of each item\n|clearpoke\n|poke|p1|Annihilape, L50, M|\n|poke|p1|Dragonite, L50, F|\n|poke|p1|Archaludon, L50, M|\n|poke|p1|Ninetales-Alola, L50, F|\n|poke|p1|Kingambit, L50, M|\n|poke|p1|Incineroar, L50, M|\n|poke|p2|Annihilape, L50, F|\n|poke|p2|Sylveon, L50, M|\n|poke|p2|Ursaluna, L50, M|\n|poke|p2|Torkoal, L50, F|\n|poke|p2|Farigiraf, L50, F|\n|poke|p2|Sinistcha-Masterpiece, L50|\n|teampreview|4\n|\n|t:|1733796865\n|start\n|switch|p1a: Kingambit|Kingambit, L50, M|100\/100\n|switch|p1b: Annihilape|Annihilape, L50, M|100\/100\n|switch|p2a: Annihilape|Annihilape, L50, F|100\/100\n|switch|p2b: Farigiraf|Farigiraf, L50, F|100\/100\n|turn|1\n|\n|t:|1733796894\n|switch|p1a: Archaludon|Archaludon, L50, M|100\/100\n|move|p2a: Annihilape|U-turn|p1b: Annihilape\n|-resisted|p1b: Annihilape\n|-crit|p1b: Annihilape\n|-damage|p1b: Annihilape|94\/100\n|\n|t:|1733796899\n|switch|p2a: Torkoal|Torkoal, L50, F|100\/100|[from] U-turn\n|-weather|SunnyDay|[from] ability: Drought|[of] p2a: Torkoal\n|move|p1b: Annihilape|Final Gambit|p2b: Farigiraf\n|-damage|p2b: Farigiraf|15\/100\n|faint|p1b: Annihilape\n|move|p2b: Farigiraf|Trick Room|p2b: Farigiraf\n|-fieldstart|move: Trick Room|[of] p2b: Farigiraf\n|\n|-weather|SunnyDay|[upkeep]\n|upkeep\n|\n|t:|1733796908\n|switch|p1b: Incineroar|Incineroar, L50, M|100\/100\n|-ability|p1b: Incineroar|Intimidate|boost\n|-unboost|p2a: Torkoal|atk|1\n|-unboost|p2b: Farigiraf|atk|1\n|turn|2\n|\n|t:|1733796926\n|switch|p2b: Ursaluna|Ursaluna, L50, M|100\/100\n|-terastallize|p2a: Torkoal|Fire\n|-terastallize|p1a: Archaludon|Stellar\n|move|p2a: Torkoal|Eruption|p1b: Incineroar|[spread] p1a,p1b\n|-resisted|p1b: Incineroar\n|-ability|p1a: Archaludon|Sturdy\n|-damage|p1a: Archaludon|1\/100\n|-damage|p1b: Incineroar|35\/100\n|move|p1b: Incineroar|Knock Off|p2b: Ursaluna\n|-damage|p2b: Ursaluna|71\/100\n|-enditem|p2b: Ursaluna|Flame Orb|[from] move: Knock Off|[of] p1b: Incineroar\n|move|p1a: Archaludon|Electro Shot||[still]\n|-prepare|p1a: Archaludon|Electro Shot\n|-boost|p1a: Archaludon|spa|1\n|-enditem|p1a: Archaludon|Power Herb\n|-anim|p1a: Archaludon|Electro Shot|p2a: Torkoal\n|-damage|p2a: Torkoal|0 fnt\n|faint|p2a: Torkoal\n|\n|-weather|SunnyDay|[upkeep]\n|upkeep\n|\n|t:|1733796947\n|switch|p2a: Farigiraf|Farigiraf, L50, F|15\/100\n|turn|3\n|\n|t:|1733796961\n|move|p1a: Archaludon|Protect|p1a: Archaludon\n|-singleturn|p1a: Archaludon|Protect\n|move|p2a: Farigiraf|Twin Beam|p1a: Archaludon\n|-activate|p1a: Archaludon|move: Protect\n|move|p2b: Ursaluna|Headlong Rush|p1b: Incineroar\n|-supereffective|p1b: Incineroar\n|-damage|p1b: Incineroar|0 fnt\n|-unboost|p2b: Ursaluna|def|1\n|-unboost|p2b: Ursaluna|spd|1\n|faint|p1b: Incineroar\n|\n|-weather|SunnyDay|[upkeep]\n|upkeep\n|\n|t:|1733796972\n|switch|p1b: Kingambit|Kingambit, L50, M|100\/100\n|turn|4\n|\n|t:|1733796989\n|move|p1a: Archaludon|Protect|p1a: Archaludon\n|-singleturn|p1a: Archaludon|Protect\n|move|p2a: Farigiraf|Twin Beam|p1a: Archaludon\n|-activate|p1a: Archaludon|move: Protect\n|move|p2b: Ursaluna|Headlong Rush|p1b: Kingambit\n|-supereffective|p1b: Kingambit\n|-damage|p1b: Kingambit|0 fnt\n|-unboost|p2b: Ursaluna|def|1\n|-unboost|p2b: Ursaluna|spd|1\n|faint|p1b: Kingambit\n|\n|-weather|SunnyDay|[upkeep]\n|upkeep\n|turn|5\n|-message|ttps65 forfeited.\n|\n|win|OP Ruby\n|raw|ttps65's rating: 1687 &rarr; <strong>1666<\/strong><br \/>(-21 for losing)\n|raw|OP Ruby's rating: 1662 &rarr; <strong>1683<\/strong><br \/>(+21 for winning)\n|l|\u2606ttps65\n|player|p1|\n|l|\u2606OP Ruby\n|player|p2|\n","uploadtime":1733797256,"views":6,"formatid":"gen9vgc2024regh","rating":1666,"private":0,"password":null}