{"id":"gen9vgc2024regh-2261854519","format":"[Gen 9] VGC 2024 Reg H","players":["Tulio1000","hiddengrottofe"],"log":"|j|\u2606Tulio1000\n|j|\u2606hiddengrottofe\n|t:|1734034539\n|gametype|doubles\n|player|p1|Tulio1000|youngster-gen4dp|1689\n|player|p2|hiddengrottofe|ltsurge|1710\n|teamsize|p1|6\n|teamsize|p2|6\n|gen|9\n|tier|[Gen 9] VGC 2024 Reg H\n|rated|\n|rule|Species Clause: Limit one of each Pok\u00e9mon\n|rule|Item Clause: Limit 1 of each item\n|clearpoke\n|poke|p1|Sneasler, L50, M|\n|poke|p1|Indeedee, L50, M|\n|poke|p1|Pelipper, L50, M|\n|poke|p1|Archaludon, L50, M|\n|poke|p1|Dondozo, L50, M|\n|poke|p1|Tatsugiri, L50, F|\n|poke|p2|Sneasler, L50, F|\n|poke|p2|Ursaluna, L50, M|\n|poke|p2|Indeedee-F, L50, F|\n|poke|p2|Armarouge, L50, M|\n|poke|p2|Salamence, L50, F|\n|poke|p2|Torkoal, L50, F|\n|teampreview|4\n|inactive|Battle timer is ON: inactive players will automatically lose when time's up. (requested by Tulio1000)\n|\n|t:|1734034561\n|start\n|switch|p1a: Sneasler|Sneasler, L50, M|100\/100\n|switch|p1b: Indeedee|Indeedee, L50, M|100\/100\n|switch|p2a: Indeedee|Indeedee-F, L50, F|100\/100\n|switch|p2b: Armarouge|Armarouge, L50, M|100\/100\n|-fieldstart|move: Psychic Terrain|[from] ability: Psychic Surge|[of] p1b: Indeedee\n|-enditem|p1a: Sneasler|Psychic Seed\n|-boost|p1a: Sneasler|spd|1|[from] item: Psychic Seed\n|turn|1\n|\n|t:|1734034584\n|-terastallize|p1a: Sneasler|Dark\n|move|p1a: Sneasler|Throat Chop|p2b: Armarouge\n|-supereffective|p2b: Armarouge\n|-damage|p2b: Armarouge|0 fnt\n|faint|p2b: Armarouge\n|move|p1b: Indeedee|Imprison|p1b: Indeedee\n|-start|p1b: Indeedee|move: Imprison\n|move|p2a: Indeedee|Alluring Voice|p1a: Sneasler\n|-supereffective|p1a: Sneasler\n|-damage|p1a: Sneasler|68\/100\n|-start|p1a: Sneasler|confusion\n|\n|upkeep\n|\n|t:|1734034592\n|switch|p2b: Ursaluna|Ursaluna, L50, M|100\/100\n|turn|2\n|\n|t:|1734034609\n|switch|p1a: Dondozo|Dondozo, L50, M|100\/100\n|switch|p1b: Tatsugiri|Tatsugiri, L50, F|100\/100\n|-activate|p1b: Tatsugiri|ability: Commander|[of] p1a: Dondozo\n|-boost|p1a: Dondozo|atk|2\n|-boost|p1a: Dondozo|spa|2\n|-boost|p1a: Dondozo|spe|2\n|-boost|p1a: Dondozo|def|2\n|-boost|p1a: Dondozo|spd|2\n|move|p2a: Indeedee|Alluring Voice|p1b: Tatsugiri|[miss]\n|-miss|p2a: Indeedee|p1b: Tatsugiri\n|move|p2b: Ursaluna|Facade|p1b: Tatsugiri|[miss]\n|-miss|p2b: Ursaluna|p1b: Tatsugiri\n|\n|-status|p2b: Ursaluna|brn|[from] item: Flame Orb\n|upkeep\n|turn|3\n|\n|t:|1734034618\n|-terastallize|p2b: Ursaluna|Normal\n|move|p1a: Dondozo|Surf|p2a: Indeedee|[spread] p2a,p2b\n|-miss|p1a: Dondozo|p1b: Tatsugiri\n|-damage|p2a: Indeedee|55\/100\n|-damage|p2b: Ursaluna|57\/100 brn\n|move|p2b: Ursaluna|Facade|p1a: Dondozo\n|-damage|p1a: Dondozo|56\/100\n|move|p2a: Indeedee|Trick Room|p2a: Indeedee\n|-fieldstart|move: Trick Room|[of] p2a: Indeedee\n|\n|-damage|p2b: Ursaluna|51\/100 brn|[from] brn\n|upkeep\n|turn|4\n|\n|t:|1734034633\n|move|p2a: Indeedee|Helping Hand|p2b: Ursaluna\n|-singleturn|p2b: Ursaluna|Helping Hand|[of] p2a: Indeedee\n|move|p2b: Ursaluna|Facade|p1a: Dondozo\n|-damage|p1a: Dondozo|0 fnt\n|faint|p1a: Dondozo\n|\n|-damage|p2b: Ursaluna|45\/100 brn|[from] brn\n|upkeep\n|\n|t:|1734034647\n|switch|p1a: Indeedee|Indeedee, L50, M|100\/100\n|turn|5\n|\n|t:|1734034656\n|move|p2a: Indeedee|Helping Hand|p2b: Ursaluna\n|-singleturn|p2b: Ursaluna|Helping Hand|[of] p2a: Indeedee\n|move|p2b: Ursaluna|Earthquake|p1b: Tatsugiri|[spread] p2a,p1a,p1b\n|-damage|p2a: Indeedee|0 fnt\n|-enditem|p1a: Indeedee|Focus Sash\n|-damage|p1a: Indeedee|1\/100\n|-damage|p1b: Tatsugiri|0 fnt\n|faint|p2a: Indeedee\n|faint|p1b: Tatsugiri\n|move|p1a: Indeedee|Trick Room|p1a: Indeedee\n|-fieldend|move: Trick Room\n|\n|-damage|p2b: Ursaluna|39\/100 brn|[from] brn\n|-fieldend|move: Psychic Terrain\n|upkeep\n|\n|t:|1734034664\n|switch|p2a: Torkoal|Torkoal, L50, F|100\/100\n|switch|p1b: Sneasler|Sneasler, L50, M, tera:Dark|68\/100\n|-weather|SunnyDay|[from] ability: Drought|[of] p2a: Torkoal\n|turn|6\n|inactive|Tulio1000 has 30 seconds left.\n|inactive|Tulio1000 has 20 seconds left.\n|\n|t:|1734034702\n|move|p1b: Sneasler|Protect|p1b: Sneasler\n|-singleturn|p1b: Sneasler|Protect\n|move|p2b: Ursaluna|Protect|p2b: Ursaluna\n|-singleturn|p2b: Ursaluna|Protect\n|move|p2a: Torkoal|Protect|p2a: Torkoal\n|-singleturn|p2a: Torkoal|Protect\n|move|p1a: Indeedee|Expanding Force|p2a: Torkoal\n|-activate|p2a: Torkoal|move: Protect\n|\n|-weather|SunnyDay|[upkeep]\n|-damage|p2b: Ursaluna|33\/100 brn|[from] brn\n|upkeep\n|turn|7\n|\n|t:|1734034718\n|move|p1b: Sneasler|Throat Chop|p2b: Ursaluna\n|-damage|p2b: Ursaluna|10\/100 brn\n|-start|p2b: Ursaluna|Throat Chop|[silent]\n|move|p1a: Indeedee|Expanding Force|p2a: Torkoal\n|-damage|p2a: Torkoal|56\/100\n|move|p2b: Ursaluna|Facade|p1b: Sneasler\n|-damage|p1b: Sneasler|0 fnt\n|faint|p1b: Sneasler\n|move|p2a: Torkoal|Heat Wave|p1a: Indeedee\n|-damage|p1a: Indeedee|0 fnt\n|faint|p1a: Indeedee\n|\n|win|hiddengrottofe\n|raw|Tulio1000's rating: 1689 &rarr; <strong>1670<\/strong><br \/>(-19 for losing)\n|raw|hiddengrottofe's rating: 1710 &rarr; <strong>1729<\/strong><br \/>(+19 for winning)\n|l|\u2606hiddengrottofe\n|player|p2|\n|l|\u2606Tulio1000\n|player|p1|\n","uploadtime":1734034953,"views":9,"formatid":"gen9vgc2024regh","rating":1670,"private":0,"password":null}