{"id":"gen9vgc2024regh-2261364615","format":"[Gen 9] VGC 2024 Reg H","players":["futonkagebunshin","yuzuda"],"log":"|j|\u2606futonkagebunshin\n|j|\u2606yuzuda\n|t:|1733967255\n|gametype|doubles\n|player|p1|futonkagebunshin|policeman-gen4|1727\n|player|p2|yuzuda|266|1749\n|teamsize|p1|6\n|teamsize|p2|6\n|gen|9\n|tier|[Gen 9] VGC 2024 Reg H\n|rated|\n|rule|Species Clause: Limit one of each Pok\u00e9mon\n|rule|Item Clause: Limit 1 of each item\n|clearpoke\n|poke|p1|Salamence, L50, M|\n|poke|p1|Revavroom, L50, F|\n|poke|p1|Garchomp, L50, M|\n|poke|p1|Volcarona, L50, F|\n|poke|p1|Amoonguss, L50, M|\n|poke|p1|Gallade, L50, M|\n|poke|p2|Archaludon, L50, F|\n|poke|p2|Pelipper, L50, F|\n|poke|p2|Annihilape, L50, F|\n|poke|p2|Whimsicott, L50, F|\n|poke|p2|Rillaboom, L50, F|\n|poke|p2|Gholdengo, L50|\n|teampreview|4\n|inactive|Battle timer is ON: inactive players will automatically lose when time's up. (requested by yuzuda)\n|inactive|futonkagebunshin has 60 seconds left.\n|inactive|yuzuda has 60 seconds left.\n|inactive|futonkagebunshin has 30 seconds left.\n|inactive|yuzuda has 30 seconds left.\n|inactive|futonkagebunshin has 20 seconds left.\n|inactive|futonkagebunshin has 15 seconds left.\n|inactive|yuzuda has 20 seconds left.\n|inactive|futonkagebunshin has 10 seconds left.\n|inactive|futonkagebunshin has 5 seconds left.\n|\n|t:|1733967344\n|start\n|switch|p1a: Salamence|Salamence, L50, M|100\/100\n|switch|p1b: Gallade|Gallade, L50, M|100\/100\n|switch|p2a: Whimsicott|Whimsicott, L50, F|100\/100\n|switch|p2b: Annihilape|Annihilape, L50, F|100\/100\n|-ability|p1a: Salamence|Intimidate|boost\n|-unboost|p2a: Whimsicott|atk|1\n|-unboost|p2b: Annihilape|atk|1\n|-ability|p2b: Annihilape|Defiant|boost\n|-boost|p2b: Annihilape|atk|2\n|turn|1\n|\n|t:|1733967365\n|-terastallize|p2b: Annihilape|Fire\n|move|p1a: Salamence|Dual Wingbeat|p2a: Whimsicott|[miss]\n|-miss|p1a: Salamence|p2a: Whimsicott\n|move|p2a: Whimsicott|Beat Up|p2b: Annihilape\n|-damage|p2b: Annihilape|99\/100\n|-damage|p2b: Annihilape|97\/100\n|-damage|p2b: Annihilape|95\/100\n|-damage|p2b: Annihilape|93\/100\n|-hitcount|p2b: Annihilape|4\n|move|p1b: Gallade|Psycho Cut|p2b: Annihilape\n|-damage|p2b: Annihilape|32\/100\n|move|p2b: Annihilape|Rage Fist|p1a: Salamence\n|-damage|p1a: Salamence|0 fnt\n|faint|p1a: Salamence\n|\n|-heal|p2b: Annihilape|38\/100|[from] item: Leftovers\n|upkeep\n|\n|t:|1733967383\n|switch|p1a: Garchomp|Garchomp, L50, M|100\/100\n|turn|2\n|inactive|yuzuda has 30 seconds left.\n|\n|t:|1733967410\n|move|p2b: Annihilape|Protect|p2b: Annihilape\n|-singleturn|p2b: Annihilape|Protect\n|move|p2a: Whimsicott|Moonblast|p1b: Gallade\n|-supereffective|p1b: Gallade\n|-damage|p1b: Gallade|17\/100\n|move|p1a: Garchomp|Stomping Tantrum|p2b: Annihilape\n|-activate|p2b: Annihilape|move: Protect\n|move|p1b: Gallade|Trick Room|p1b: Gallade\n|-fieldstart|move: Trick Room|[of] p1b: Gallade\n|\n|-heal|p2b: Annihilape|43\/100|[from] item: Leftovers\n|upkeep\n|turn|3\n|inactive|futonkagebunshin has 30 seconds left.\n|\n|t:|1733967441\n|-terastallize|p1a: Garchomp|Steel\n|move|p2b: Annihilape|Rage Fist|p1b: Gallade\n|-supereffective|p1b: Gallade\n|-crit|p1b: Gallade\n|-damage|p1b: Gallade|0 fnt\n|faint|p1b: Gallade\n|move|p1a: Garchomp|Earthquake|p2a: Whimsicott|[spread] p2a,p2b\n|-resisted|p2a: Whimsicott\n|-supereffective|p2b: Annihilape\n|-damage|p2a: Whimsicott|62\/100\n|-damage|p2b: Annihilape|0 fnt\n|faint|p2b: Annihilape\n|-damage|p1a: Garchomp|91\/100|[from] item: Life Orb\n|move|p2a: Whimsicott|Moonblast|p1a: Garchomp\n|-resisted|p1a: Garchomp\n|-crit|p1a: Garchomp\n|-damage|p1a: Garchomp|60\/100\n|\n|upkeep\n|\n|t:|1733967460\n|switch|p2b: Archaludon|Archaludon, L50, F|100\/100\n|switch|p1b: Volcarona|Volcarona, L50, F|100\/100\n|turn|4\n|\n|t:|1733967472\n|switch|p2b: Pelipper|Pelipper, L50, F|100\/100\n|-weather|RainDance|[from] ability: Drizzle|[of] p2b: Pelipper\n|move|p2a: Whimsicott|Encore|p1a: Garchomp\n|-start|p1a: Garchomp|Encore\n|move|p1b: Volcarona|Flamethrower|p2a: Whimsicott\n|-supereffective|p2a: Whimsicott\n|-damage|p2a: Whimsicott|0 fnt\n|faint|p2a: Whimsicott\n|move|p1a: Garchomp|Earthquake|p2b: Pelipper|[spread] p1b\n|-immune|p2b: Pelipper\n|-damage|p1b: Volcarona|44\/100\n|-damage|p1a: Garchomp|50\/100|[from] item: Life Orb\n|\n|-weather|RainDance|[upkeep]\n|-heal|p1b: Volcarona|50\/100|[from] item: Leftovers\n|upkeep\n|\n|t:|1733967490\n|switch|p2a: Archaludon|Archaludon, L50, F|100\/100\n|turn|5\n|-message|futonkagebunshin forfeited.\n|\n|win|yuzuda\n|raw|futonkagebunshin's rating: 1727 &rarr; <strong>1708<\/strong><br \/>(-19 for losing)\n|raw|yuzuda's rating: 1749 &rarr; <strong>1768<\/strong><br \/>(+19 for winning)\n|l|\u2606yuzuda\n|player|p2|\n","uploadtime":1733967688,"views":13,"formatid":"gen9vgc2024regh","rating":1708,"private":0,"password":null}