{"id":"gen9vgc2024regh-2261858814","format":"[Gen 9] VGC 2024 Reg H","players":["Tulio1000","hiddengrottofe"],"log":"|j|\u2606Tulio1000\n|j|\u2606hiddengrottofe\n|t:|1734035001\n|gametype|doubles\n|player|p1|Tulio1000|youngster-gen4dp|1692\n|player|p2|hiddengrottofe|ltsurge|1729\n|teamsize|p1|6\n|teamsize|p2|6\n|gen|9\n|tier|[Gen 9] VGC 2024 Reg H\n|rated|\n|rule|Species Clause: Limit one of each Pok\u00e9mon\n|rule|Item Clause: Limit 1 of each item\n|clearpoke\n|poke|p1|Sneasler, L50, F|\n|poke|p1|Indeedee, L50, M|\n|poke|p1|Pelipper, L50, F|\n|poke|p1|Archaludon, L50, F|\n|poke|p1|Dondozo, L50, F|\n|poke|p1|Tatsugiri, L50, F|\n|poke|p2|Sneasler, L50, M|\n|poke|p2|Ursaluna, L50, M|\n|poke|p2|Indeedee-F, L50, F|\n|poke|p2|Armarouge, L50, F|\n|poke|p2|Salamence, L50, F|\n|poke|p2|Torkoal, L50, F|\n|teampreview|4\n|inactive|Battle timer is ON: inactive players will automatically lose when time's up. (requested by Tulio1000)\n|\n|t:|1734035034\n|start\n|switch|p1a: Dondozo|Dondozo, L50, F|100\/100\n|switch|p1b: Pelipper|Pelipper, L50, F|100\/100\n|switch|p2a: Salamence|Salamence, L50, F|100\/100\n|switch|p2b: Ursaluna|Ursaluna, L50, M|100\/100\n|-weather|RainDance|[from] ability: Drizzle|[of] p1b: Pelipper\n|-ability|p2a: Salamence|Intimidate|boost\n|-unboost|p1a: Dondozo|atk|1\n|-unboost|p1b: Pelipper|atk|1\n|turn|1\n|\n|t:|1734035049\n|switch|p1b: Tatsugiri|Tatsugiri, L50, F|100\/100\n|-activate|p1b: Tatsugiri|ability: Commander|[of] p1a: Dondozo\n|-boost|p1a: Dondozo|atk|2\n|-boost|p1a: Dondozo|spa|2\n|-boost|p1a: Dondozo|spe|2\n|-boost|p1a: Dondozo|def|2\n|-boost|p1a: Dondozo|spd|2\n|switch|p2a: Torkoal|Torkoal, L50, F|100\/100\n|-weather|SunnyDay|[from] ability: Drought|[of] p2a: Torkoal\n|-terastallize|p1a: Dondozo|Ice\n|move|p2b: Ursaluna|Protect|p2b: Ursaluna\n|-singleturn|p2b: Ursaluna|Protect\n|move|p1a: Dondozo|Tera Blast|p2a: Torkoal|[anim] Tera Blast Ice\n|-resisted|p2a: Torkoal\n|-damage|p2a: Torkoal|58\/100\n|\n|-weather|SunnyDay|[upkeep]\n|-status|p2b: Ursaluna|brn|[from] item: Flame Orb\n|upkeep\n|turn|2\n|\n|t:|1734035056\n|-terastallize|p2b: Ursaluna|Normal\n|move|p1a: Dondozo|Surf|p2a: Torkoal|[spread] p2a,p2b\n|-miss|p1a: Dondozo|p1b: Tatsugiri\n|-supereffective|p2a: Torkoal\n|-damage|p2a: Torkoal|0 fnt\n|-damage|p2b: Ursaluna|80\/100 brn\n|faint|p2a: Torkoal\n|move|p2b: Ursaluna|Facade|p1a: Dondozo\n|-damage|p1a: Dondozo|58\/100\n|\n|-weather|SunnyDay|[upkeep]\n|-damage|p2b: Ursaluna|74\/100 brn|[from] brn\n|upkeep\n|\n|t:|1734035063\n|switch|p2a: Indeedee|Indeedee-F, L50, F|100\/100\n|-fieldstart|move: Psychic Terrain|[from] ability: Psychic Surge|[of] p2a: Indeedee\n|turn|3\n|\n|t:|1734035074\n|move|p1a: Dondozo|Tera Blast|p2b: Ursaluna|[anim] Tera Blast Ice\n|-damage|p2b: Ursaluna|22\/100 brn\n|move|p2b: Ursaluna|Facade|p1a: Dondozo\n|-damage|p1a: Dondozo|10\/100\n|move|p2a: Indeedee|Trick Room|p2a: Indeedee\n|-fieldstart|move: Trick Room|[of] p2a: Indeedee\n|\n|-weather|SunnyDay|[upkeep]\n|-damage|p2b: Ursaluna|16\/100 brn|[from] brn\n|upkeep\n|turn|4\n|\n|t:|1734035086\n|move|p2b: Ursaluna|Facade|p1a: Dondozo\n|-damage|p1a: Dondozo|0 fnt\n|faint|p1a: Dondozo\n|move|p2a: Indeedee|Psychic|p1b: Tatsugiri\n|-damage|p1b: Tatsugiri|52\/100\n|\n|-weather|SunnyDay|[upkeep]\n|-damage|p2b: Ursaluna|10\/100 brn|[from] brn\n|upkeep\n|\n|t:|1734035094\n|switch|p1a: Archaludon|Archaludon, L50, F|100\/100\n|turn|5\n|\n|t:|1734035105\n|switch|p2a: Salamence|Salamence, L50, F|100\/100\n|-ability|p2a: Salamence|Intimidate|boost\n|-unboost|p1a: Archaludon|atk|1\n|-unboost|p1b: Tatsugiri|atk|1\n|move|p2b: Ursaluna|Earthquake|p1b: Tatsugiri|[spread] p1a,p1b\n|-immune|p2a: Salamence\n|-supereffective|p1a: Archaludon\n|-damage|p1a: Archaludon|5\/100\n|-damage|p1b: Tatsugiri|0 fnt\n|faint|p1b: Tatsugiri\n|move|p1a: Archaludon|Dragon Pulse|p2b: Ursaluna\n|-damage|p2b: Ursaluna|0 fnt\n|faint|p2b: Ursaluna\n|\n|-weather|none\n|upkeep\n|\n|t:|1734035113\n|switch|p2b: Indeedee|Indeedee-F, L50, F|100\/100\n|switch|p1b: Pelipper|Pelipper, L50, F|100\/100\n|-weather|RainDance|[from] ability: Drizzle|[of] p1b: Pelipper\n|turn|6\n|\n|t:|1734035125\n|move|p1a: Archaludon|Dragon Pulse|p2a: Salamence\n|-supereffective|p2a: Salamence\n|-damage|p2a: Salamence|0 fnt\n|faint|p2a: Salamence\n|move|p2b: Indeedee|Psychic|p1b: Pelipper\n|-damage|p1b: Pelipper|36\/100\n|move|p1b: Pelipper|Muddy Water|p2b: Indeedee\n|-crit|p2b: Indeedee\n|-damage|p2b: Indeedee|23\/100\n|-unboost|p2b: Indeedee|accuracy|1\n|\n|-weather|RainDance|[upkeep]\n|upkeep\n|turn|7\n|\n|t:|1734035135\n|move|p1a: Archaludon|Dragon Pulse|p2b: Indeedee\n|-damage|p2b: Indeedee|0 fnt\n|faint|p2b: Indeedee\n|\n|win|Tulio1000\n|raw|Tulio1000's rating: 1692 &rarr; <strong>1713<\/strong><br \/>(+21 for winning)\n|raw|hiddengrottofe's rating: 1705 &rarr; <strong>1684<\/strong><br \/>(-21 for losing)\n|l|\u2606hiddengrottofe\n|player|p2|\n|l|\u2606Tulio1000\n|player|p1|\n","uploadtime":1734035368,"views":10,"formatid":"gen9vgc2024regh","rating":1684,"private":0,"password":null}