{"id":"gen9vgc2024regh-2261559407","format":"[Gen 9] VGC 2024 Reg H","players":["Archimedes75","jhyjhyt"],"log":"|j|\u2606Archimedes75\n|j|\u2606jhyjhyt\n|t:|1734000262\n|gametype|doubles\n|player|p1|Archimedes75|unknown|1693\n|player|p2|jhyjhyt|266|1684\n|teamsize|p1|6\n|teamsize|p2|6\n|gen|9\n|tier|[Gen 9] VGC 2024 Reg H\n|rated|\n|rule|Species Clause: Limit one of each Pok\u00e9mon\n|rule|Item Clause: Limit 1 of each item\n|clearpoke\n|poke|p1|Incineroar, L50, M|\n|poke|p1|Gholdengo, L50|\n|poke|p1|Archaludon, L50, F|\n|poke|p1|Pelipper, L50, M|\n|poke|p1|Dragonite, L50, F|\n|poke|p1|Electabuzz, L50, M|\n|poke|p2|Dondozo, L50, M|\n|poke|p2|Tatsugiri, L50, M|\n|poke|p2|Pelipper, L50, F|\n|poke|p2|Archaludon, L50, F|\n|poke|p2|Murkrow, L50, M|\n|poke|p2|Grimmsnarl, L50, M|\n|teampreview|4\n|inactive|Battle timer is ON: inactive players will automatically lose when time's up. (requested by Archimedes75)\n|\n|t:|1734000286\n|start\n|switch|p1a: Archaludon|Archaludon, L50, F|100\/100\n|switch|p1b: Electabuzz|Electabuzz, L50, M|100\/100\n|switch|p2a: Dondozo|Dondozo, L50, M|100\/100\n|switch|p2b: Pelipper|Pelipper, L50, F|100\/100\n|-weather|RainDance|[from] ability: Drizzle|[of] p2b: Pelipper\n|turn|1\n|inactive|Archimedes75 has 30 seconds left.\n|inactive|jhyjhyt has 30 seconds left.\n|\n|t:|1734000318\n|switch|p2b: Tatsugiri|Tatsugiri, L50, M|100\/100\n|-activate|p2b: Tatsugiri|ability: Commander|[of] p2a: Dondozo\n|-boost|p2a: Dondozo|atk|2\n|-boost|p2a: Dondozo|spa|2\n|-boost|p2a: Dondozo|spe|2\n|-boost|p2a: Dondozo|def|2\n|-boost|p2a: Dondozo|spd|2\n|move|p2a: Dondozo|Earthquake|p1a: Archaludon|[spread] p1a,p1b\n|-miss|p2a: Dondozo|p2b: Tatsugiri\n|-supereffective|p1a: Archaludon\n|-supereffective|p1b: Electabuzz\n|-damage|p1a: Archaludon|44\/100\n|-damage|p1b: Electabuzz|48\/100\n|move|p1a: Archaludon|Electro Shot||[still]\n|-prepare|p1a: Archaludon|Electro Shot\n|-boost|p1a: Archaludon|spa|1\n|-anim|p1a: Archaludon|Electro Shot|p2b: Tatsugiri|[miss]\n|-miss|p1a: Archaludon|p2b: Tatsugiri\n|move|p1b: Electabuzz|Thunder Wave|p2a: Dondozo\n|-status|p2a: Dondozo|par\n|\n|-weather|RainDance|[upkeep]\n|upkeep\n|turn|2\n|j| futonkagebunshin\n|\n|t:|1734000340\n|switch|p1a: Pelipper|Pelipper, L50, M|100\/100\n|switch|p1b: Dragonite|Dragonite, L50, F|100\/100\n|cant|p2a: Dondozo|par\n|\n|-weather|RainDance|[upkeep]\n|upkeep\n|turn|3\n|\n|t:|1734000352\n|move|p1b: Dragonite|Haze|p1b: Dragonite\n|-clearallboost\n|move|p1a: Pelipper|Hurricane|p2a: Dondozo\n|-damage|p2a: Dondozo|51\/100 par\n|move|p2a: Dondozo|Wave Crash|p1a: Pelipper\n|-resisted|p1a: Pelipper\n|-damage|p1a: Pelipper|58\/100\n|-damage|p2a: Dondozo|42\/100 par|[from] Recoil\n|\n|-weather|RainDance|[upkeep]\n|upkeep\n|turn|4\n|\n|t:|1734000367\n|move|p1b: Dragonite|Scale Shot|p2a: Dondozo\n|-damage|p2a: Dondozo|30\/100 par\n|-damage|p2a: Dondozo|19\/100 par\n|-damage|p2a: Dondozo|7\/100 par\n|-damage|p2a: Dondozo|0 fnt\n|faint|p2a: Dondozo\n|-hitcount|p2: Dondozo|4\n|-unboost|p1b: Dragonite|def|1\n|-boost|p1b: Dragonite|spe|1\n|move|p1a: Pelipper|Tailwind|p1a: Pelipper\n|-sidestart|p1: Archimedes75|move: Tailwind\n|\n|-weather|RainDance|[upkeep]\n|upkeep\n|\n|t:|1734000380\n|switch|p2a: Archaludon|Archaludon, L50, F|100\/100\n|turn|5\n|\n|t:|1734000394\n|-terastallize|p2b: Tatsugiri|Fairy\n|move|p1b: Dragonite|Scale Shot|p2b: Tatsugiri\n|-immune|p2b: Tatsugiri\n|move|p1a: Pelipper|Weather Ball|p2a: Archaludon\n|-resisted|p2a: Archaludon\n|-damage|p2a: Archaludon|62\/100\n|-ability|p2a: Archaludon|Stamina|boost\n|-boost|p2a: Archaludon|def|1\n|move|p2b: Tatsugiri|Muddy Water|p1a: Pelipper|[spread] p1a,p1b\n|-resisted|p1a: Pelipper\n|-resisted|p1b: Dragonite\n|-damage|p1a: Pelipper|18\/100\n|-damage|p1b: Dragonite|89\/100\n|move|p2a: Archaludon|Electro Shot||[still]\n|-prepare|p2a: Archaludon|Electro Shot\n|-boost|p2a: Archaludon|spa|1\n|-anim|p2a: Archaludon|Electro Shot|p1b: Dragonite\n|-damage|p1b: Dragonite|15\/100\n|\n|-weather|none\n|upkeep\n|turn|6\n|\n|t:|1734000414\n|move|p1b: Dragonite|Low Kick|p2a: Archaludon\n|-supereffective|p2a: Archaludon\n|-damage|p2a: Archaludon|32\/100\n|-ability|p2a: Archaludon|Stamina|boost\n|-boost|p2a: Archaludon|def|1\n|move|p1a: Pelipper|Hurricane|p2b: Tatsugiri|[miss]\n|-miss|p1a: Pelipper|p2b: Tatsugiri\n|move|p2b: Tatsugiri|Muddy Water|p1b: Dragonite|[spread] p1a\n|-miss|p2b: Tatsugiri|p1b: Dragonite\n|-resisted|p1a: Pelipper\n|-damage|p1a: Pelipper|0 fnt\n|faint|p1a: Pelipper\n|move|p2a: Archaludon|Dragon Pulse|p1b: Dragonite\n|-supereffective|p1b: Dragonite\n|-crit|p1b: Dragonite\n|-damage|p1b: Dragonite|0 fnt\n|faint|p1b: Dragonite\n|\n|upkeep\n|\n|t:|1734000421\n|switch|p1b: Electabuzz|Electabuzz, L50, M|48\/100\n|switch|p1a: Archaludon|Archaludon, L50, F|44\/100\n|turn|7\n|\n|t:|1734000439\n|move|p1a: Archaludon|Aura Sphere|p2a: Archaludon\n|-supereffective|p2a: Archaludon\n|-crit|p2a: Archaludon\n|-damage|p2a: Archaludon|0 fnt\n|faint|p2a: Archaludon\n|move|p1b: Electabuzz|Thunder Wave|p2b: Tatsugiri\n|-status|p2b: Tatsugiri|par\n|move|p2b: Tatsugiri|Muddy Water|p1a: Archaludon|[spread] p1b\n|-miss|p2b: Tatsugiri|p1a: Archaludon\n|-damage|p1b: Electabuzz|23\/100\n|\n|-sideend|p1: Archimedes75|move: Tailwind\n|upkeep\n|\n|t:|1734000449\n|switch|p2a: Pelipper|Pelipper, L50, F|100\/100\n|-weather|RainDance|[from] ability: Drizzle|[of] p2a: Pelipper\n|turn|8\n|\n|t:|1734000455\n|-terastallize|p1a: Archaludon|Electric\n|move|p1a: Archaludon|Electro Shot||[still]\n|-prepare|p1a: Archaludon|Electro Shot\n|-boost|p1a: Archaludon|spa|1\n|-anim|p1a: Archaludon|Electro Shot|p2b: Tatsugiri\n|-damage|p2b: Tatsugiri|0 fnt\n|faint|p2b: Tatsugiri\n|move|p1b: Electabuzz|Thunderbolt|p2a: Pelipper\n|-supereffective|p2a: Pelipper\n|-enditem|p2a: Pelipper|Focus Sash\n|-damage|p2a: Pelipper|1\/100\n|move|p2a: Pelipper|Weather Ball|p1a: Archaludon\n|-damage|p1a: Archaludon|0 fnt\n|faint|p1a: Archaludon\n|\n|-weather|RainDance|[upkeep]\n|upkeep\n|turn|9\n|\n|t:|1734000470\n|move|p1b: Electabuzz|Thunderbolt|p2a: Pelipper\n|-supereffective|p2a: Pelipper\n|-damage|p2a: Pelipper|0 fnt\n|faint|p2a: Pelipper\n|\n|win|Archimedes75\n|raw|Archimedes75's rating: 1702 &rarr; <strong>1721<\/strong><br \/>(+19 for winning)\n|raw|jhyjhyt's rating: 1684 &rarr; <strong>1665<\/strong><br \/>(-19 for losing)\n|l|\u2606jhyjhyt\n|player|p2|\n|l|\u2606Archimedes75\n|player|p1|\n","uploadtime":1734000678,"views":5,"formatid":"gen9vgc2024regh","rating":1665,"private":0,"password":null}