{"id":"gen9vgc2024regh-2261912124","format":"[Gen 9] VGC 2024 Reg H","players":["PSA-0","Prometheus756"],"log":"|j|\u2606PSA-0\n|j|\u2606Prometheus756\n|t:|1734040857\n|gametype|doubles\n|player|p1|PSA-0|opal|1688\n|player|p2|Prometheus756|gentleman-gen4dp|1686\n|teamsize|p1|6\n|teamsize|p2|6\n|gen|9\n|tier|[Gen 9] VGC 2024 Reg H\n|rated|\n|rule|Species Clause: Limit one of each Pok\u00e9mon\n|rule|Item Clause: Limit 1 of each item\n|clearpoke\n|poke|p1|Incineroar, L50, M|\n|poke|p1|Farigiraf, L50, M|\n|poke|p1|Torkoal, L50, F|\n|poke|p1|Indeedee, L50, M|\n|poke|p1|Sneasler, L50, F|\n|poke|p1|Ursaluna-Bloodmoon, L50, M|\n|poke|p2|Sableye, L50, F|\n|poke|p2|Amoonguss, L50, M|\n|poke|p2|Archaludon, L50, M|\n|poke|p2|Rillaboom, L50, M|\n|poke|p2|Pelipper, L50, M|\n|poke|p2|Gholdengo, L50|\n|teampreview|4\n|inactive|Battle timer is ON: inactive players will automatically lose when time's up. (requested by PSA-0)\n|inactive|Prometheus756 has 60 seconds left.\n|\n|t:|1734040892\n|start\n|switch|p1a: Incineroar|Incineroar, L50, M, shiny|100\/100\n|switch|p1b: Farigiraf|Farigiraf, L50, M, shiny|100\/100\n|switch|p2a: Sableye|Sableye, L50, F|100\/100\n|switch|p2b: Archaludon|Archaludon, L50, M|100\/100\n|turn|1\n|j| asslowladderplayer\n|inactive|PSA-0 has 30 seconds left.\n|\n|t:|1734040923\n|move|p1a: Incineroar|Fake Out|p2b: Archaludon\n|-resisted|p2b: Archaludon\n|-damage|p2b: Archaludon|96\/100\n|-ability|p2b: Archaludon|Stamina|boost\n|-boost|p2b: Archaludon|def|1\n|move|p2a: Sableye|Reflect|p2a: Sableye\n|-sidestart|p2: Prometheus756|Reflect\n|cant|p2b: Archaludon|flinch\n|move|p1b: Farigiraf|Trick Room|p1b: Farigiraf\n|-fieldstart|move: Trick Room|[of] p1b: Farigiraf\n|\n|upkeep\n|turn|2\n|\n|t:|1734040938\n|move|p2a: Sableye|Light Screen|p2a: Sableye\n|-sidestart|p2: Prometheus756|move: Light Screen\n|move|p1b: Farigiraf|Earthquake|p2a: Sableye|[spread] p1a,p2a,p2b\n|-supereffective|p1a: Incineroar\n|-supereffective|p2b: Archaludon\n|-crit|p2b: Archaludon\n|-damage|p1a: Incineroar|73\/100\n|-damage|p2a: Sableye|86\/100\n|-damage|p2b: Archaludon|64\/100\n|-enditem|p1a: Incineroar|Weakness Policy\n|-boost|p1a: Incineroar|atk|2|[from] item: Weakness Policy\n|-boost|p1a: Incineroar|spa|2|[from] item: Weakness Policy\n|-ability|p2b: Archaludon|Stamina|boost\n|-boost|p2b: Archaludon|def|1\n|move|p1a: Incineroar|Close Combat|p2b: Archaludon\n|-supereffective|p2b: Archaludon\n|-damage|p2b: Archaludon|28\/100\n|-unboost|p1a: Incineroar|def|1\n|-unboost|p1a: Incineroar|spd|1\n|-ability|p2b: Archaludon|Stamina|boost\n|-boost|p2b: Archaludon|def|1\n|move|p2b: Archaludon|Snarl|p1b: Farigiraf|[spread] p1a,p1b\n|-resisted|p1a: Incineroar\n|-supereffective|p1b: Farigiraf\n|-damage|p1a: Incineroar|63\/100\n|-damage|p1b: Farigiraf|80\/100\n|-unboost|p1a: Incineroar|spa|1\n|-unboost|p1b: Farigiraf|spa|1\n|\n|upkeep\n|turn|3\n|inactive|PSA-0 has 30 seconds left.\n|inactive|Prometheus756 has 30 seconds left.\n|inactive|Prometheus756 has 20 seconds left.\n|inactive|Prometheus756 has 15 seconds left.\n|inactive|Prometheus756 has 10 seconds left.\n|\n|t:|1734040987\n|-terastallize|p2b: Archaludon|Fairy\n|move|p1b: Farigiraf|Helping Hand|p1a: Incineroar\n|-singleturn|p1a: Incineroar|Helping Hand|[of] p1b: Farigiraf\n|move|p2a: Sableye|Rain Dance|p2a: Sableye\n|-weather|RainDance\n|move|p1a: Incineroar|Close Combat|p2b: Archaludon\n|-resisted|p2b: Archaludon\n|-damage|p2b: Archaludon|19\/100\n|-unboost|p1a: Incineroar|def|1\n|-unboost|p1a: Incineroar|spd|1\n|-ability|p2b: Archaludon|Stamina|boost\n|-boost|p2b: Archaludon|def|1\n|move|p2b: Archaludon|Electro Shot||[still]\n|-prepare|p2b: Archaludon|Electro Shot\n|-boost|p2b: Archaludon|spa|1\n|-anim|p2b: Archaludon|Electro Shot|p1a: Incineroar\n|-damage|p1a: Incineroar|0 fnt\n|faint|p1a: Incineroar\n|\n|-weather|RainDance|[upkeep]\n|upkeep\n|\n|t:|1734041004\n|switch|p1a: Ursaluna|Ursaluna-Bloodmoon, L50, M|100\/100\n|turn|4\n|inactive|Prometheus756 has 30 seconds left.\n|\n|t:|1734041037\n|switch|p2b: Pelipper|Pelipper, L50, M|100\/100\n|-terastallize|p1a: Ursaluna|Normal\n|move|p1b: Farigiraf|Helping Hand|p1a: Ursaluna\n|-singleturn|p1a: Ursaluna|Helping Hand|[of] p1b: Farigiraf\n|move|p2a: Sableye|Rain Dance||[still]\n|-fail|p2a: Sableye\n|move|p1a: Ursaluna|Hyper Voice|p2a: Sableye|[spread] p2a,p2b\n|-damage|p2a: Sableye|9\/100\n|-damage|p2b: Pelipper|9\/100\n|-enditem|p2b: Pelipper|Sitrus Berry|[eat]\n|-heal|p2b: Pelipper|33\/100|[from] item: Sitrus Berry\n|-damage|p1a: Ursaluna|91\/100|[from] item: Life Orb\n|\n|-weather|RainDance|[upkeep]\n|upkeep\n|turn|5\n|inactive|PSA-0 has 30 seconds left.\n|\n|t:|1734041068\n|switch|p1a: Torkoal|Torkoal, L50, F, shiny|100\/100\n|-weather|SunnyDay|[from] ability: Drought|[of] p1a: Torkoal\n|switch|p2b: Rillaboom|Rillaboom, L50, M|100\/100\n|-fieldstart|move: Grassy Terrain|[from] ability: Grassy Surge|[of] p2b: Rillaboom\n|move|p2a: Sableye|Rain Dance|p2a: Sableye\n|-weather|RainDance\n|move|p1b: Farigiraf|Psychic Noise|p2b: Rillaboom\n|-damage|p2b: Rillaboom|84\/100\n|-start|p2b: Rillaboom|move: Heal Block\n|\n|-weather|RainDance|[upkeep]\n|-heal|p1b: Farigiraf|86\/100|[from] Grassy Terrain\n|-heal|p2a: Sableye|15\/100|[from] Grassy Terrain\n|-fieldend|move: Trick Room\n|upkeep\n|turn|6\n|inactive|Prometheus756 has 30 seconds left.\n|inactive|Prometheus756 has 20 seconds left.\n|\n|t:|1734041107\n|switch|p2a: Pelipper|Pelipper, L50, M|33\/100\n|move|p2b: Rillaboom|Bullet Seed|p1b: Farigiraf\n|-ability|p1b: Farigiraf|Sap Sipper|boost\n|-boost|p1b: Farigiraf|atk|1\n|move|p1a: Torkoal|Weather Ball|p2a: Pelipper\n|-resisted|p2a: Pelipper\n|-damage|p2a: Pelipper|14\/100\n|move|p1b: Farigiraf|Trick Room|p1b: Farigiraf\n|-fieldstart|move: Trick Room|[of] p1b: Farigiraf\n|\n|-weather|RainDance|[upkeep]\n|-heal|p1b: Farigiraf|92\/100|[from] Grassy Terrain\n|-end|p2b: Rillaboom|move: Heal Block\n|upkeep\n|turn|7\n|\n|t:|1734041131\n|move|p1a: Torkoal|Eruption|p2b: Rillaboom|[spread] p2a,p2b\n|-resisted|p2a: Pelipper\n|-supereffective|p2b: Rillaboom\n|-damage|p2a: Pelipper|1\/100\n|-damage|p2b: Rillaboom|34\/100\n|move|p1b: Farigiraf|Psychic Noise|p2b: Rillaboom\n|-damage|p2b: Rillaboom|18\/100\n|-start|p2b: Rillaboom|move: Heal Block\n|move|p2a: Pelipper|Weather Ball|p1a: Torkoal\n|-supereffective|p1a: Torkoal\n|-damage|p1a: Torkoal|0 fnt\n|faint|p1a: Torkoal\n|move|p2b: Rillaboom|Knock Off|p1b: Farigiraf\n|-supereffective|p1b: Farigiraf\n|-damage|p1b: Farigiraf|40\/100\n|-enditem|p1b: Farigiraf|Mental Herb|[from] move: Knock Off|[of] p2b: Rillaboom\n|\n|-weather|RainDance|[upkeep]\n|-heal|p1b: Farigiraf|46\/100|[from] Grassy Terrain\n|upkeep\n|\n|t:|1734041147\n|switch|p1a: Ursaluna|Ursaluna-Bloodmoon, L50, M, tera:Normal|91\/100\n|turn|8\n|\n|t:|1734041168\n|switch|p2b: Sableye|Sableye, L50, F|15\/100\n|move|p1a: Ursaluna|Hyper Voice|p2a: Pelipper|[spread] p2a,p2b\n|-damage|p2a: Pelipper|0 fnt\n|-damage|p2b: Sableye|0 fnt\n|faint|p2a: Pelipper\n|faint|p2b: Sableye\n|-damage|p1a: Ursaluna|81\/100|[from] item: Life Orb\n|move|p1b: Farigiraf|Psychic Noise|p2: Pelipper|[notarget]\n|-fail|p1b: Farigiraf\n|\n|-weather|RainDance|[upkeep]\n|-heal|p1a: Ursaluna|87\/100|[from] Grassy Terrain\n|-heal|p1b: Farigiraf|52\/100|[from] Grassy Terrain\n|-sideend|p2: Prometheus756|Reflect\n|upkeep\n|\n|t:|1734041179\n|switch|p2b: Archaludon|Archaludon, L50, M, tera:Fairy|19\/100\n|switch|p2a: Rillaboom|Rillaboom, L50, M|18\/100\n|turn|9\n|\n|t:|1734041203\n|move|p2a: Rillaboom|Fake Out|p1a: Ursaluna\n|-damage|p1a: Ursaluna|76\/100\n|cant|p1a: Ursaluna|flinch\n|move|p1b: Farigiraf|Psychic Noise|p2b: Archaludon\n|-damage|p2b: Archaludon|7\/100\n|-start|p2b: Archaludon|move: Heal Block\n|-ability|p2b: Archaludon|Stamina|boost\n|-boost|p2b: Archaludon|def|1\n|move|p2b: Archaludon|Electro Shot||[still]\n|-prepare|p2b: Archaludon|Electro Shot\n|-boost|p2b: Archaludon|spa|1\n|-anim|p2b: Archaludon|Electro Shot|p1b: Farigiraf\n|-damage|p1b: Farigiraf|0 fnt\n|faint|p1b: Farigiraf\n|\n|-weather|none\n|-heal|p1a: Ursaluna|82\/100|[from] Grassy Terrain\n|-heal|p2a: Rillaboom|23\/100|[from] Grassy Terrain\n|-sideend|p2: Prometheus756|move: Light Screen\n|-fieldend|move: Grassy Terrain\n|upkeep\n|turn|10\n|inactive|Prometheus756 has 30 seconds left.\n|l| asslowladderplayer\n|\n|t:|1734041231\n|move|p1a: Ursaluna|Hyper Voice|p2b: Archaludon|[spread] p2a,p2b\n|-damage|p2a: Rillaboom|0 fnt\n|-damage|p2b: Archaludon|0 fnt\n|faint|p2a: Rillaboom\n|faint|p2b: Archaludon\n|-damage|p1a: Ursaluna|73\/100|[from] item: Life Orb\n|\n|win|PSA-0\n|raw|PSA-0's rating: 1688 &rarr; <strong>1708<\/strong><br \/>(+20 for winning)\n|raw|Prometheus756's rating: 1686 &rarr; <strong>1666<\/strong><br \/>(-20 for losing)\n|l|\u2606Prometheus756\n|player|p2|\n|l|\u2606PSA-0\n|player|p1|\n","uploadtime":1734041494,"views":12,"formatid":"gen9vgc2024regh","rating":1666,"private":0,"password":null}