{"id":"gen9vgc2024regh-2261856725","format":"[Gen 9] VGC 2024 Reg H","players":["PolkaDot27","Tulio1000"],"log":"|j|\u2606PolkaDot27\n|j|\u2606Tulio1000\n|t:|1734034773\n|gametype|doubles\n|player|p1|PolkaDot27|266|1711\n|player|p2|Tulio1000|youngster-gen4dp|1670\n|teamsize|p1|6\n|teamsize|p2|6\n|gen|9\n|tier|[Gen 9] VGC 2024 Reg H\n|rated|\n|rule|Species Clause: Limit one of each Pok\u00e9mon\n|rule|Item Clause: Limit 1 of each item\n|clearpoke\n|poke|p1|Archaludon, L50, F|\n|poke|p1|Rillaboom, L50, F|\n|poke|p1|Basculegion, L50, M|\n|poke|p1|Kingambit, L50, M|\n|poke|p1|Pelipper, L50, F|\n|poke|p1|Electabuzz, L50, F|\n|poke|p2|Sneasler, L50, F|\n|poke|p2|Indeedee, L50, M|\n|poke|p2|Pelipper, L50, F|\n|poke|p2|Archaludon, L50, M|\n|poke|p2|Dondozo, L50, F|\n|poke|p2|Tatsugiri, L50, F|\n|teampreview|4\n|inactive|Battle timer is ON: inactive players will automatically lose when time's up. (requested by Tulio1000)\n|inactive|PolkaDot27 has 60 seconds left.\n|\n|t:|1734034806\n|start\n|switch|p1a: Pelipper|Pelipper, L50, F|100\/100\n|switch|p1b: Electabuzz|Electabuzz, L50, F|100\/100\n|switch|p2a: Dondozo|Dondozo, L50, F|100\/100\n|switch|p2b: Pelipper|Pelipper, L50, F|100\/100\n|-weather|RainDance|[from] ability: Drizzle|[of] p2b: Pelipper\n|turn|1\n|\n|t:|1734034822\n|switch|p2b: Tatsugiri|Tatsugiri, L50, F|100\/100\n|-activate|p2b: Tatsugiri|ability: Commander|[of] p2a: Dondozo\n|-boost|p2a: Dondozo|atk|2\n|-boost|p2a: Dondozo|spa|2\n|-boost|p2a: Dondozo|spe|2\n|-boost|p2a: Dondozo|def|2\n|-boost|p2a: Dondozo|spd|2\n|move|p2a: Dondozo|Surf|p1a: Pelipper|[spread] p1a,p1b\n|-miss|p2a: Dondozo|p2b: Tatsugiri\n|-resisted|p1a: Pelipper\n|-damage|p1a: Pelipper|34\/100\n|-damage|p1b: Electabuzz|46\/100\n|move|p1b: Electabuzz|Taunt|p2b: Tatsugiri|[miss]\n|-miss|p1b: Electabuzz|p2b: Tatsugiri\n|move|p1a: Pelipper|Weather Ball|p2a: Dondozo\n|-resisted|p2a: Dondozo\n|-damage|p2a: Dondozo|83\/100\n|\n|-weather|RainDance|[upkeep]\n|upkeep\n|turn|2\n|\n|t:|1734034844\n|switch|p1b: Archaludon|Archaludon, L50, F|100\/100\n|-terastallize|p2a: Dondozo|Ice\n|move|p2a: Dondozo|Tera Blast|p1a: Pelipper|[anim] Tera Blast Ice\n|-damage|p1a: Pelipper|0 fnt\n|faint|p1a: Pelipper\n|\n|-weather|RainDance|[upkeep]\n|upkeep\n|\n|t:|1734034847\n|switch|p1a: Electabuzz|Electabuzz, L50, F|46\/100\n|turn|3\n|\n|t:|1734034860\n|move|p1a: Electabuzz|Protect|p1a: Electabuzz\n|-singleturn|p1a: Electabuzz|Protect\n|move|p2a: Dondozo|Surf|p1a: Electabuzz|[spread] p1b\n|-miss|p2a: Dondozo|p2b: Tatsugiri\n|-activate|p1a: Electabuzz|move: Protect\n|-resisted|p1b: Archaludon\n|-damage|p1b: Archaludon|72\/100\n|-ability|p1b: Archaludon|Stamina|boost\n|-boost|p1b: Archaludon|def|1\n|move|p1b: Archaludon|Electro Shot||[still]\n|-prepare|p1b: Archaludon|Electro Shot\n|-boost|p1b: Archaludon|spa|1\n|-anim|p1b: Archaludon|Electro Shot|p2a: Dondozo\n|-damage|p2a: Dondozo|61\/100\n|\n|-weather|RainDance|[upkeep]\n|upkeep\n|turn|4\n|\n|t:|1734034877\n|switch|p1a: Rillaboom|Rillaboom, L50, F|100\/100\n|-fieldstart|move: Grassy Terrain|[from] ability: Grassy Surge|[of] p1a: Rillaboom\n|move|p2a: Dondozo|Surf|p1b: Archaludon|[spread] p1a,p1b\n|-miss|p2a: Dondozo|p2b: Tatsugiri\n|-resisted|p1a: Rillaboom\n|-resisted|p1b: Archaludon\n|-damage|p1a: Rillaboom|60\/100\n|-damage|p1b: Archaludon|43\/100\n|-ability|p1b: Archaludon|Stamina|boost\n|-boost|p1b: Archaludon|def|1\n|move|p1b: Archaludon|Flash Cannon|p2a: Dondozo\n|-supereffective|p2a: Dondozo\n|-damage|p2a: Dondozo|21\/100\n|\n|-weather|RainDance|[upkeep]\n|-heal|p2a: Dondozo|27\/100|[from] Grassy Terrain\n|-heal|p1a: Rillaboom|66\/100|[from] Grassy Terrain\n|-heal|p1b: Archaludon|49\/100|[from] Grassy Terrain\n|upkeep\n|turn|5\n|\n|t:|1734034898\n|move|p1a: Rillaboom|Fake Out|p2a: Dondozo\n|-damage|p2a: Dondozo|22\/100\n|move|p2a: Dondozo|Tera Blast|p1a: Rillaboom|[anim] Tera Blast Ice\n|-supereffective|p1a: Rillaboom\n|-damage|p1a: Rillaboom|0 fnt\n|faint|p1a: Rillaboom\n|move|p1b: Archaludon|Flash Cannon|p2a: Dondozo\n|-supereffective|p2a: Dondozo\n|-damage|p2a: Dondozo|0 fnt\n|faint|p2a: Dondozo\n|\n|-weather|none\n|-heal|p1b: Archaludon|55\/100|[from] Grassy Terrain\n|upkeep\n|\n|t:|1734034916\n|switch|p1a: Electabuzz|Electabuzz, L50, F|46\/100\n|switch|p2a: Archaludon|Archaludon, L50, M|100\/100\n|turn|6\n|\n|t:|1734034939\n|move|p1a: Electabuzz|Follow Me|p1a: Electabuzz\n|-singleturn|p1a: Electabuzz|move: Follow Me\n|move|p2a: Archaludon|Draco Meteor|p1a: Electabuzz\n|-damage|p1a: Electabuzz|0 fnt\n|-unboost|p2a: Archaludon|spa|2\n|faint|p1a: Electabuzz\n|move|p2b: Tatsugiri|Draco Meteor|p1b: Archaludon\n|-damage|p1b: Archaludon|7\/100\n|-unboost|p2b: Tatsugiri|spa|2\n|-ability|p1b: Archaludon|Stamina|boost\n|-boost|p1b: Archaludon|def|1\n|move|p1b: Archaludon|Draco Meteor|p2b: Tatsugiri\n|-supereffective|p2b: Tatsugiri\n|-damage|p2b: Tatsugiri|0 fnt\n|-unboost|p1b: Archaludon|spa|2\n|faint|p2b: Tatsugiri\n|\n|-heal|p1b: Archaludon|13\/100|[from] Grassy Terrain\n|upkeep\n|\n|t:|1734034945\n|switch|p2b: Pelipper|Pelipper, L50, F|100\/100\n|-weather|RainDance|[from] ability: Drizzle|[of] p2b: Pelipper\n|turn|7\n|\n|t:|1734034954\n|-terastallize|p1b: Archaludon|Fairy\n|move|p2b: Pelipper|Hurricane|p1b: Archaludon\n|-damage|p1b: Archaludon|0 fnt\n|faint|p1b: Archaludon\n|\n|win|Tulio1000\n|raw|PolkaDot27's rating: 1711 &rarr; <strong>1689<\/strong><br \/>(-22 for losing)\n|raw|Tulio1000's rating: 1670 &rarr; <strong>1692<\/strong><br \/>(+22 for winning)\n|l|\u2606PolkaDot27\n|player|p1|\n|l|\u2606Tulio1000\n|player|p2|\n","uploadtime":1734035091,"views":10,"formatid":"gen9vgc2024regh","rating":1689,"private":0,"password":null}