{"id":"gen9vgc2024regh-2261934086","format":"[Gen 9] VGC 2024 Reg H","players":["TheOnlyFizzo","Tulio1000"],"log":"|j|\u2606TheOnlyFizzo\n|j|\u2606Tulio1000\n|t:|1734043456\n|gametype|doubles\n|player|p1|TheOnlyFizzo|102|1698\n|player|p2|Tulio1000|youngster-gen4dp|1720\n|teamsize|p1|6\n|teamsize|p2|6\n|gen|9\n|tier|[Gen 9] VGC 2024 Reg H\n|rated|\n|rule|Species Clause: Limit one of each Pok\u00e9mon\n|rule|Item Clause: Limit 1 of each item\n|clearpoke\n|poke|p1|Sneasler, L50, M|\n|poke|p1|Indeedee, L50, M|\n|poke|p1|Gholdengo, L50|\n|poke|p1|Murkrow, L50, F|\n|poke|p1|Ursaluna, L50, F|\n|poke|p1|Zoroark-Hisui, L50, M|\n|poke|p2|Sneasler, L50, M|\n|poke|p2|Indeedee, L50, M|\n|poke|p2|Pelipper, L50, M|\n|poke|p2|Archaludon, L50, M|\n|poke|p2|Dondozo, L50, F|\n|poke|p2|Tatsugiri, L50, M|\n|teampreview|4\n|inactive|Battle timer is ON: inactive players will automatically lose when time's up. (requested by Tulio1000)\n|\n|t:|1734043476\n|start\n|switch|p1a: Sneasler|Sneasler, L50, M|100\/100\n|switch|p1b: Indeedee|Indeedee, L50, M|100\/100\n|switch|p2a: Sneasler|Sneasler, L50, M|100\/100\n|switch|p2b: Indeedee|Indeedee, L50, M|100\/100\n|-fieldstart|move: Psychic Terrain|[from] ability: Psychic Surge|[of] p2b: Indeedee\n|-enditem|p1a: Sneasler|Psychic Seed\n|-boost|p1a: Sneasler|spd|1|[from] item: Psychic Seed\n|-enditem|p2a: Sneasler|Psychic Seed\n|-boost|p2a: Sneasler|spd|1|[from] item: Psychic Seed\n|turn|1\n|inactive|TheOnlyFizzo has 30 seconds left.\n|\n|t:|1734043504\n|move|p1a: Sneasler|Dire Claw|p2b: Indeedee\n|-damage|p2b: Indeedee|17\/100\n|move|p2a: Sneasler|Throat Chop|p1b: Indeedee\n|-supereffective|p1b: Indeedee\n|-enditem|p1b: Indeedee|Focus Sash\n|-damage|p1b: Indeedee|1\/100\n|-start|p1b: Indeedee|Throat Chop|[silent]\n|move|p2b: Indeedee|Expanding Force|p1a: Sneasler|[spread] p1a,p1b\n|-supereffective|p1a: Sneasler\n|-resisted|p1b: Indeedee\n|-damage|p1a: Sneasler|0 fnt\n|-damage|p1b: Indeedee|0 fnt\n|faint|p1a: Sneasler\n|faint|p1b: Indeedee\n|\n|upkeep\n|\n|t:|1734043518\n|switch|p1a: Murkrow|Murkrow, L50, F|100\/100\n|switch|p1b: Ursaluna|Ursaluna, L50, F|100\/100\n|turn|2\n|inactive|Tulio1000 has 30 seconds left.\n|\n|t:|1734043545\n|-terastallize|p1b: Ursaluna|Ghost\n|move|p2b: Indeedee|Helping Hand|p2a: Sneasler\n|-singleturn|p2a: Sneasler|Helping Hand|[of] p2b: Indeedee\n|move|p1a: Murkrow|Tailwind|p1a: Murkrow\n|-sidestart|p1: TheOnlyFizzo|move: Tailwind\n|move|p2a: Sneasler|Close Combat|p1a: Murkrow\n|-damage|p1a: Murkrow|0 fnt\n|-unboost|p2a: Sneasler|def|1\n|-unboost|p2a: Sneasler|spd|1\n|faint|p1a: Murkrow\n|move|p1b: Ursaluna|Earthquake|p2b: Indeedee|[spread] p2a,p2b\n|-supereffective|p2a: Sneasler\n|-damage|p2a: Sneasler|0 fnt\n|-damage|p2b: Indeedee|0 fnt\n|faint|p2a: Sneasler\n|faint|p2b: Indeedee\n|\n|-status|p1b: Ursaluna|brn|[from] item: Flame Orb\n|upkeep\n|\n|t:|1734043559\n|switch|p2a: Dondozo|Dondozo, L50, F|100\/100\n|switch|p2b: Tatsugiri|Tatsugiri, L50, M|100\/100\n|-activate|p2b: Tatsugiri|ability: Commander|[of] p2a: Dondozo\n|-boost|p2a: Dondozo|atk|2\n|-boost|p2a: Dondozo|spa|2\n|-boost|p2a: Dondozo|spe|2\n|-boost|p2a: Dondozo|def|2\n|-boost|p2a: Dondozo|spd|2\n|turn|3\n|\n|t:|1734043567\n|move|p1b: Ursaluna|Facade|p2a: Dondozo\n|-damage|p2a: Dondozo|62\/100\n|move|p2a: Dondozo|Surf|p1b: Ursaluna|[spread] p1b\n|-miss|p2a: Dondozo|p2b: Tatsugiri\n|-damage|p1b: Ursaluna|58\/100 brn\n|\n|-damage|p1b: Ursaluna|52\/100 brn|[from] brn\n|upkeep\n|turn|4\n|\n|t:|1734043578\n|move|p1b: Ursaluna|Facade|p2a: Dondozo\n|-damage|p2a: Dondozo|17\/100\n|move|p2a: Dondozo|Surf|p1b: Ursaluna|[spread] p1b\n|-miss|p2a: Dondozo|p2b: Tatsugiri\n|-damage|p1b: Ursaluna|8\/100 brn\n|\n|-damage|p1b: Ursaluna|2\/100 brn|[from] brn\n|upkeep\n|turn|5\n|-message|TheOnlyFizzo forfeited.\n|\n|win|Tulio1000\n|raw|TheOnlyFizzo's rating: 1698 &rarr; <strong>1679<\/strong><br \/>(-19 for losing)\n|raw|Tulio1000's rating: 1720 &rarr; <strong>1739<\/strong><br \/>(+19 for winning)\n|l|\u2606TheOnlyFizzo\n|player|p1|\n|l|\u2606Tulio1000\n|player|p2|\n","uploadtime":1734043858,"views":10,"formatid":"gen9vgc2024regh","rating":1679,"private":0,"password":null}