{"id":"gen9vgc2024regh-2261879590","format":"[Gen 9] VGC 2024 Reg H","players":["Yunobo7","tulio1000"],"log":"|j|\u2606Yunobo7\n|j|\u2606tulio1000\n|t:|1734037214\n|gametype|doubles\n|player|p1|Yunobo7|169|1642\n|player|p2|tulio1000|youngster-gen4dp|1739\n|teamsize|p1|6\n|teamsize|p2|6\n|gen|9\n|tier|[Gen 9] VGC 2024 Reg H\n|rated|\n|rule|Species Clause: Limit one of each Pok\u00e9mon\n|rule|Item Clause: Limit 1 of each item\n|clearpoke\n|poke|p1|Sneasler, L50, F|\n|poke|p1|Dondozo, L50, M|\n|poke|p1|Glimmora, L50, M|\n|poke|p1|Maushold-Four, L50|\n|poke|p1|Gholdengo, L50|\n|poke|p1|Archaludon, L50, F|\n|poke|p2|Sneasler, L50, F|\n|poke|p2|Indeedee, L50, M|\n|poke|p2|Pelipper, L50, F|\n|poke|p2|Archaludon, L50, F|\n|poke|p2|Dondozo, L50, M|\n|poke|p2|Tatsugiri, L50, M|\n|teampreview|4\n|inactive|Battle timer is ON: inactive players will automatically lose when time's up. (requested by Yunobo7)\n|inactive|Yunobo7 has 60 seconds left.\n|\n|t:|1734037247\n|start\n|switch|p1a: Archaludon|Archaludon, L50, F, shiny|100\/100\n|switch|p1b: Maushold|Maushold-Four, L50, shiny|100\/100\n|switch|p2a: Archaludon|Archaludon, L50, F|100\/100\n|switch|p2b: Pelipper|Pelipper, L50, F|100\/100\n|-weather|RainDance|[from] ability: Drizzle|[of] p2b: Pelipper\n|turn|1\n|inactive|tulio1000 has 30 seconds left.\n|\n|t:|1734037280\n|-terastallize|p2b: Pelipper|Ghost\n|move|p2b: Pelipper|Soak|p1a: Archaludon\n|-start|p1a: Archaludon|typechange|Water\n|move|p1b: Maushold|Population Bomb|p1a: Archaludon\n|-damage|p1a: Archaludon|91\/100\n|-ability|p1a: Archaludon|Stamina|boost\n|-boost|p1a: Archaludon|def|1\n|-damage|p1a: Archaludon|86\/100\n|-ability|p1a: Archaludon|Stamina|boost\n|-boost|p1a: Archaludon|def|1\n|-damage|p1a: Archaludon|81\/100\n|-ability|p1a: Archaludon|Stamina|boost\n|-boost|p1a: Archaludon|def|1\n|-damage|p1a: Archaludon|77\/100\n|-ability|p1a: Archaludon|Stamina|boost\n|-boost|p1a: Archaludon|def|1\n|-damage|p1a: Archaludon|73\/100\n|-ability|p1a: Archaludon|Stamina|boost\n|-boost|p1a: Archaludon|def|1\n|-damage|p1a: Archaludon|70\/100\n|-ability|p1a: Archaludon|Stamina|boost\n|-boost|p1a: Archaludon|def|1\n|-damage|p1a: Archaludon|68\/100\n|-damage|p1a: Archaludon|65\/100\n|-damage|p1a: Archaludon|63\/100\n|-damage|p1a: Archaludon|61\/100\n|-hitcount|p1a: Archaludon|10\n|move|p2a: Archaludon|Electro Shot||[still]\n|-prepare|p2a: Archaludon|Electro Shot\n|-boost|p2a: Archaludon|spa|1\n|-anim|p2a: Archaludon|Electro Shot|p1a: Archaludon\n|-supereffective|p1a: Archaludon\n|-damage|p1a: Archaludon|0 fnt\n|faint|p1a: Archaludon\n|\n|-weather|RainDance|[upkeep]\n|upkeep\n|\n|t:|1734037292\n|switch|p1a: Sneasler|Sneasler, L50, F, shiny|100\/100\n|turn|2\n|\n|t:|1734037311\n|switch|p2b: Dondozo|Dondozo, L50, M|100\/100\n|move|p1b: Maushold|Protect|p1b: Maushold\n|-singleturn|p1b: Maushold|Protect\n|move|p1a: Sneasler|Close Combat|p2a: Archaludon\n|-supereffective|p2a: Archaludon\n|-ability|p2a: Archaludon|Sturdy\n|-damage|p2a: Archaludon|1\/100\n|-unboost|p1a: Sneasler|def|1\n|-unboost|p1a: Sneasler|spd|1\n|move|p2a: Archaludon|Electro Shot||[still]\n|-prepare|p2a: Archaludon|Electro Shot\n|-boost|p2a: Archaludon|spa|1\n|-anim|p2a: Archaludon|Electro Shot|p1b: Maushold\n|-activate|p1b: Maushold|move: Protect\n|\n|-weather|RainDance|[upkeep]\n|upkeep\n|turn|3\n|\n|t:|1734037324\n|switch|p1b: Dondozo|Dondozo, L50, M, shiny|100\/100\n|switch|p2a: Tatsugiri|Tatsugiri, L50, M|100\/100\n|-activate|p2a: Tatsugiri|ability: Commander|[of] p2b: Dondozo\n|-boost|p2b: Dondozo|atk|2\n|-boost|p2b: Dondozo|spa|2\n|-boost|p2b: Dondozo|spe|2\n|-boost|p2b: Dondozo|def|2\n|-boost|p2b: Dondozo|spd|2\n|move|p1a: Sneasler|Throat Chop|p2a: Tatsugiri|[miss]\n|-miss|p1a: Sneasler|p2a: Tatsugiri\n|move|p2b: Dondozo|Surf|p1a: Sneasler|[spread] p1a,p1b\n|-miss|p2b: Dondozo|p2a: Tatsugiri\n|-resisted|p1b: Dondozo\n|-crit|p1b: Dondozo\n|-damage|p1a: Sneasler|6\/100\n|-damage|p1b: Dondozo|81\/100\n|\n|-weather|RainDance|[upkeep]\n|upkeep\n|turn|4\n|\n|t:|1734037335\n|move|p1a: Sneasler|Dire Claw|p2b: Dondozo\n|-damage|p2b: Dondozo|85\/100\n|move|p2b: Dondozo|Surf|p1b: Dondozo|[spread] p1a,p1b\n|-miss|p2b: Dondozo|p2a: Tatsugiri\n|-resisted|p1b: Dondozo\n|-damage|p1a: Sneasler|0 fnt\n|-damage|p1b: Dondozo|69\/100\n|faint|p1a: Sneasler\n|move|p1b: Dondozo|Yawn|p2b: Dondozo\n|-start|p2b: Dondozo|move: Yawn|[of] p1b: Dondozo\n|\n|-weather|RainDance|[upkeep]\n|upkeep\n|\n|t:|1734037338\n|switch|p1a: Maushold|Maushold-Four, L50, shiny|100\/100\n|turn|5\n|\n|t:|1734037348\n|move|p1a: Maushold|Protect|p1a: Maushold\n|-singleturn|p1a: Maushold|Protect\n|move|p1b: Dondozo|Protect|p1b: Dondozo\n|-singleturn|p1b: Dondozo|Protect\n|move|p2b: Dondozo|Surf|p1a: Maushold|[spread] \n|-miss|p2b: Dondozo|p2a: Tatsugiri\n|-activate|p1a: Maushold|move: Protect\n|-activate|p1b: Dondozo|move: Protect\n|\n|-weather|none\n|-end|p2b: Dondozo|move: Yawn|[silent]\n|-status|p2b: Dondozo|slp\n|upkeep\n|turn|6\n|\n|t:|1734037353\n|move|p1a: Maushold|Population Bomb|p2b: Dondozo\n|-damage|p2b: Dondozo|81\/100 slp\n|-damage|p2b: Dondozo|77\/100 slp\n|-damage|p2b: Dondozo|73\/100 slp\n|-damage|p2b: Dondozo|68\/100 slp\n|-damage|p2b: Dondozo|64\/100 slp\n|-damage|p2b: Dondozo|60\/100 slp\n|-damage|p2b: Dondozo|56\/100 slp\n|-damage|p2b: Dondozo|52\/100 slp\n|-damage|p2b: Dondozo|47\/100 slp\n|-damage|p2b: Dondozo|43\/100 slp\n|-hitcount|p2b: Dondozo|10\n|cant|p2b: Dondozo|slp\n|move|p2b: Dondozo|Sleep Talk|p2b: Dondozo\n|move|p2b: Dondozo|Rest||[from]move: Sleep Talk|[still]\n|-fail|p2b: Dondozo\n|move|p1b: Dondozo|Wave Crash|p2b: Dondozo\n|-resisted|p2b: Dondozo\n|-damage|p2b: Dondozo|28\/100 slp\n|-damage|p1b: Dondozo|64\/100|[from] Recoil\n|\n|upkeep\n|turn|7\n|\n|t:|1734037364\n|move|p1a: Maushold|Population Bomb|p2b: Dondozo\n|-damage|p2b: Dondozo|24\/100 slp\n|-damage|p2b: Dondozo|20\/100 slp\n|-damage|p2b: Dondozo|16\/100 slp\n|-damage|p2b: Dondozo|12\/100 slp\n|-damage|p2b: Dondozo|8\/100 slp\n|-damage|p2b: Dondozo|3\/100 slp\n|-damage|p2b: Dondozo|0 fnt\n|faint|p2b: Dondozo\n|-hitcount|p2: Dondozo|7\n|move|p1b: Dondozo|Yawn|p2a: Tatsugiri\n|-start|p2a: Tatsugiri|move: Yawn|[of] p1b: Dondozo\n|\n|upkeep\n|\n|t:|1734037372\n|switch|p2b: Pelipper|Pelipper, L50, F, tera:Ghost|100\/100\n|-weather|RainDance|[from] ability: Drizzle|[of] p2b: Pelipper\n|turn|8\n|\n|t:|1734037396\n|move|p1a: Maushold|Protect|p1a: Maushold\n|-singleturn|p1a: Maushold|Protect\n|move|p2b: Pelipper|Hurricane|p1a: Maushold\n|-activate|p1a: Maushold|move: Protect\n|move|p2a: Tatsugiri|Taunt|p1b: Dondozo\n|-start|p1b: Dondozo|move: Taunt\n|cant|p1b: Dondozo|move: Taunt|Yawn\n|\n|-weather|RainDance|[upkeep]\n|-end|p2a: Tatsugiri|move: Yawn|[silent]\n|-status|p2a: Tatsugiri|slp\n|upkeep\n|turn|9\n|\n|t:|1734037412\n|move|p2b: Pelipper|Hurricane|p1a: Maushold\n|-damage|p1a: Maushold|29\/100\n|move|p1a: Maushold|Population Bomb|p2a: Tatsugiri\n|-damage|p2a: Tatsugiri|84\/100 slp\n|-damage|p2a: Tatsugiri|66\/100 slp\n|-hitcount|p2a: Tatsugiri|2\n|cant|p2a: Tatsugiri|slp\n|move|p1b: Dondozo|Wave Crash|p2b: Pelipper\n|-damage|p2b: Pelipper|25\/100\n|-damage|p1b: Dondozo|51\/100|[from] Recoil\n|\n|-weather|RainDance|[upkeep]\n|upkeep\n|turn|10\n|inactive|tulio1000 has 30 seconds left.\n|\n|t:|1734037444\n|switch|p2b: Archaludon|Archaludon, L50, F|1\/100\n|move|p1a: Maushold|Population Bomb|p2a: Tatsugiri\n|-damage|p2a: Tatsugiri|46\/100 slp\n|-damage|p2a: Tatsugiri|28\/100 slp\n|-damage|p2a: Tatsugiri|12\/100 slp\n|-damage|p2a: Tatsugiri|0 fnt\n|faint|p2a: Tatsugiri\n|-hitcount|p2: Tatsugiri|4\n|move|p1b: Dondozo|Wave Crash|p2b: Archaludon\n|-resisted|p2b: Archaludon\n|-damage|p2b: Archaludon|0 fnt\n|faint|p2b: Archaludon\n|-damage|p1b: Dondozo|51\/100|[from] Recoil\n|\n|-weather|RainDance|[upkeep]\n|-end|p1b: Dondozo|move: Taunt\n|upkeep\n|\n|t:|1734037449\n|switch|p2b: Pelipper|Pelipper, L50, F, tera:Ghost|25\/100\n|turn|11\n|\n|t:|1734037457\n|move|p1a: Maushold|Follow Me|p1a: Maushold\n|-singleturn|p1a: Maushold|move: Follow Me\n|move|p2b: Pelipper|Muddy Water|p1b: Dondozo|[spread] \n|-miss|p2b: Pelipper|p1a: Maushold\n|-miss|p2b: Pelipper|p1b: Dondozo\n|move|p1b: Dondozo|Wave Crash|p2b: Pelipper\n|-damage|p2b: Pelipper|0 fnt\n|faint|p2b: Pelipper\n|-damage|p1b: Dondozo|46\/100|[from] Recoil\n|-enditem|p1b: Dondozo|Sitrus Berry|[eat]\n|-heal|p1b: Dondozo|71\/100|[from] item: Sitrus Berry\n|\n|win|Yunobo7\n|raw|Yunobo7's rating: 1642 &rarr; <strong>1667<\/strong><br \/>(+25 for winning)\n|raw|tulio1000's rating: 1739 &rarr; <strong>1714<\/strong><br \/>(-25 for losing)\n|l|\u2606tulio1000\n|player|p2|\n|l|\u2606Yunobo7\n|player|p1|\n","uploadtime":1734037479,"views":22,"formatid":"gen9vgc2024regh","rating":1667,"private":0,"password":null}