{"id":"gen9vgc2024regh-2261081929","format":"[Gen 9] VGC 2024 Reg H","players":["TheOnlyFizzo","futonkagebunshin"],"log":"|j|\u2606TheOnlyFizzo\n|j|\u2606futonkagebunshin\n|t:|1733936353\n|gametype|doubles\n|player|p1|TheOnlyFizzo|102|1644\n|player|p2|futonkagebunshin|policeman-gen4|1720\n|teamsize|p1|6\n|teamsize|p2|6\n|gen|9\n|tier|[Gen 9] VGC 2024 Reg H\n|rated|\n|rule|Species Clause: Limit one of each Pok\u00e9mon\n|rule|Item Clause: Limit 1 of each item\n|clearpoke\n|poke|p1|Sneasler, L50, M|\n|poke|p1|Indeedee, L50, M|\n|poke|p1|Gholdengo, L50|\n|poke|p1|Murkrow, L50, M|\n|poke|p1|Ursaluna, L50, M|\n|poke|p1|Zoroark-Hisui, L50, F|\n|poke|p2|Whimsicott, L50, M|\n|poke|p2|Chandelure, L50, M|\n|poke|p2|Pelipper, L50, F|\n|poke|p2|Annihilape, L50, F|\n|poke|p2|Overqwil, L50, F|\n|poke|p2|Archaludon, L50, F|\n|teampreview|4\n|inactive|Battle timer is ON: inactive players will automatically lose when time's up. (requested by TheOnlyFizzo)\n|\n|t:|1733936384\n|start\n|switch|p1a: Indeedee|Indeedee, L50, M|100\/100\n|switch|p1b: Murkrow|Murkrow, L50, M|100\/100\n|switch|p2a: Whimsicott|Whimsicott, L50, M|100\/100\n|switch|p2b: Chandelure|Chandelure, L50, M|100\/100\n|-fieldstart|move: Psychic Terrain|[from] ability: Psychic Surge|[of] p1a: Indeedee\n|turn|1\n|\n|t:|1733936400\n|switch|p1b: Ursaluna|Ursaluna, L50, M|100\/100\n|-terastallize|p2b: Chandelure|Dark\n|move|p2a: Whimsicott|Tailwind|p2a: Whimsicott\n|-sidestart|p2: futonkagebunshin|move: Tailwind\n|move|p2b: Chandelure|Heat Wave|p1b: Ursaluna|[spread] p1a,p1b\n|-damage|p1a: Indeedee|12\/100\n|-damage|p1b: Ursaluna|37\/100\n|move|p1a: Indeedee|Trick Room|p1a: Indeedee\n|-fieldstart|move: Trick Room|[of] p1a: Indeedee\n|\n|-status|p1b: Ursaluna|brn|[from] item: Flame Orb\n|upkeep\n|turn|2\n|inactive|TheOnlyFizzo has 30 seconds left.\n|inactive|futonkagebunshin has 30 seconds left.\n|inactive|futonkagebunshin has 20 seconds left.\n|inactive|futonkagebunshin has 15 seconds left.\n|inactive|futonkagebunshin has 10 seconds left.\n|inactive|futonkagebunshin has 5 seconds left.\n|\n|t:|1733936452\n|-terastallize|p1a: Indeedee|Psychic\n|move|p1b: Ursaluna|Facade|p2b: Chandelure\n|-damage|p2b: Chandelure|0 fnt\n|faint|p2b: Chandelure\n|move|p1a: Indeedee|Expanding Force|p2a: Whimsicott\n|-enditem|p2a: Whimsicott|Focus Sash\n|-damage|p2a: Whimsicott|1\/100\n|move|p2a: Whimsicott|Moonblast|p1b: Ursaluna\n|-damage|p1b: Ursaluna|5\/100 brn\n|-unboost|p1b: Ursaluna|spa|1\n|\n|-damage|p1b: Ursaluna|0 fnt|[from] brn\n|faint|p1b: Ursaluna\n|upkeep\n|j| axelb1337\n|\n|t:|1733936472\n|switch|p1b: Murkrow|Murkrow, L50, M|100\/100\n|switch|p2b: Pelipper|Pelipper, L50, F|100\/100\n|-weather|RainDance|[from] ability: Drizzle|[of] p2b: Pelipper\n|turn|3\n|\n|t:|1733936494\n|move|p2b: Pelipper|Wide Guard|p2b: Pelipper\n|-singleturn|p2b: Pelipper|Wide Guard\n|move|p1b: Murkrow|Foul Play|p2a: Whimsicott\n|-resisted|p2a: Whimsicott\n|-damage|p2a: Whimsicott|0 fnt\n|faint|p2a: Whimsicott\n|move|p1a: Indeedee|Tera Blast|p2b: Pelipper|[anim] Tera Blast Psychic\n|-damage|p2b: Pelipper|3\/100\n|\n|-weather|RainDance|[upkeep]\n|upkeep\n|\n|t:|1733936503\n|switch|p2a: Overqwil|Overqwil, L50, F|100\/100\n|turn|4\n|l| axelb1337\n|\n|t:|1733936526\n|move|p1b: Murkrow|Foul Play|p2a: Overqwil\n|-resisted|p2a: Overqwil\n|-damage|p2a: Overqwil|72\/100\n|move|p1a: Indeedee|Tera Blast|p2b: Pelipper|[anim] Tera Blast Psychic\n|-damage|p2b: Pelipper|0 fnt\n|faint|p2b: Pelipper\n|move|p2a: Overqwil|Gunk Shot|p1b: Murkrow\n|-damage|p1b: Murkrow|6\/100\n|-damage|p2a: Overqwil|63\/100|[from] item: Life Orb\n|\n|-weather|RainDance|[upkeep]\n|-sideend|p2: futonkagebunshin|move: Tailwind\n|upkeep\n|turn|5\n|inactive|TheOnlyFizzo has 30 seconds left.\n|inactive|TheOnlyFizzo has 20 seconds left.\n|\n|t:|1733936562\n|switch|p1a: Sneasler|Sneasler, L50, M|100\/100\n|-enditem|p1a: Sneasler|Psychic Seed\n|-boost|p1a: Sneasler|spd|1|[from] item: Psychic Seed\n|move|p1b: Murkrow|Foul Play|p2a: Overqwil\n|-resisted|p2a: Overqwil\n|-damage|p2a: Overqwil|35\/100\n|move|p2a: Overqwil|Liquidation|p1b: Murkrow\n|-damage|p1b: Murkrow|0 fnt\n|faint|p1b: Murkrow\n|-damage|p2a: Overqwil|26\/100|[from] item: Life Orb\n|\n|-weather|RainDance|[upkeep]\n|-fieldend|move: Trick Room\n|-fieldend|move: Psychic Terrain\n|upkeep\n|-message|futonkagebunshin forfeited.\n|\n|win|TheOnlyFizzo\n|raw|TheOnlyFizzo's rating: 1644 &rarr; <strong>1668<\/strong><br \/>(+24 for winning)\n|raw|futonkagebunshin's rating: 1720 &rarr; <strong>1696<\/strong><br \/>(-24 for losing)\n|l|\u2606futonkagebunshin\n|player|p2|\n|l|\u2606TheOnlyFizzo\n|player|p1|\n","uploadtime":1733936809,"views":11,"formatid":"gen9vgc2024regh","rating":1668,"private":0,"password":null}