{"id":"gen9vgc2024regh-2261885928","format":"[Gen 9] VGC 2024 Reg H","players":["GVAXIII","Spottedwoot"],"log":"|j|\u2606GVAXIII\n|j|\u2606Spottedwoot\n|t:|1734037913\n|gametype|doubles\n|player|p1|GVAXIII|may-e|1685\n|player|p2|Spottedwoot|2|1735\n|teamsize|p1|6\n|teamsize|p2|6\n|gen|9\n|tier|[Gen 9] VGC 2024 Reg H\n|rated|\n|rule|Species Clause: Limit one of each Pok\u00e9mon\n|rule|Item Clause: Limit 1 of each item\n|clearpoke\n|poke|p1|Hydreigon, L50, M|\n|poke|p1|Garchomp, L50, M|\n|poke|p1|Talonflame, L50, F|\n|poke|p1|Gholdengo, L50|\n|poke|p1|Rillaboom, L50, M|\n|poke|p1|Gyarados, L50, F|\n|poke|p2|Kingambit, L50, F|\n|poke|p2|Primarina, L50, F|\n|poke|p2|Salamence, L50, M|\n|poke|p2|Gholdengo, L50|\n|poke|p2|Sneasler, L50, F|\n|poke|p2|Volcarona, L50, F|\n|teampreview|4\n|inactive|Battle timer is ON: inactive players will automatically lose when time's up. (requested by Spottedwoot)\n|inactive|GVAXIII has 60 seconds left.\n|inactive|GVAXIII has 30 seconds left.\n|\n|t:|1734038027\n|start\n|switch|p1a: Talonflame|Talonflame, L50, F|100\/100\n|switch|p1b: Garchomp|Garchomp, L50, M, shiny|100\/100\n|switch|p2a: Salamence|Salamence, L50, M|100\/100\n|switch|p2b: Primarina|Primarina, L50, F|100\/100\n|-ability|p2a: Salamence|Intimidate|boost\n|-unboost|p1a: Talonflame|atk|1\n|-unboost|p1b: Garchomp|atk|1\n|turn|1\n|inactive|GVAXIII has 30 seconds left.\n|inactive|GVAXIII has 20 seconds left.\n|\n|t:|1734038067\n|move|p1b: Garchomp|Protect|p1b: Garchomp\n|-singleturn|p1b: Garchomp|Protect\n|move|p1a: Talonflame|Tailwind|p1a: Talonflame\n|-sidestart|p1: GVAXIII|move: Tailwind\n|move|p2a: Salamence|Tailwind|p2a: Salamence\n|-sidestart|p2: Spottedwoot|move: Tailwind\n|move|p2b: Primarina|Hyper Voice|p1b: Garchomp|[spread] p1a\n|-activate|p1b: Garchomp|move: Protect\n|-supereffective|p1a: Talonflame\n|-damage|p1a: Talonflame|7\/100\n|-enditem|p2b: Primarina|Throat Spray\n|-boost|p2b: Primarina|spa|1|[from] item: Throat Spray\n|\n|upkeep\n|turn|2\n|inactive|GVAXIII has 30 seconds left.\n|\n|t:|1734038097\n|-terastallize|p1b: Garchomp|Steel\n|move|p1a: Talonflame|Brave Bird|p2b: Primarina\n|-damage|p2b: Primarina|68\/100\n|-damage|p1a: Talonflame|0 fnt|[from] Recoil\n|faint|p1a: Talonflame\n|move|p1b: Garchomp|Earthquake|p2b: Primarina|[spread] p2b\n|-immune|p2a: Salamence\n|-crit|p2b: Primarina\n|-damage|p2b: Primarina|0 fnt\n|faint|p2b: Primarina\n|-damage|p1b: Garchomp|91\/100|[from] item: Life Orb\n|move|p2a: Salamence|Draco Meteor|p1b: Garchomp\n|-resisted|p1b: Garchomp\n|-crit|p1b: Garchomp\n|-damage|p1b: Garchomp|26\/100\n|-unboost|p2a: Salamence|spa|2\n|-damage|p2a: Salamence|90\/100|[from] item: Life Orb\n|\n|upkeep\n|\n|t:|1734038115\n|switch|p1a: Hydreigon|Hydreigon, L50, M, shiny|100\/100\n|switch|p2b: Kingambit|Kingambit, L50, F|100\/100\n|turn|3\n|\n|t:|1734038137\n|switch|p1b: Gholdengo|Gholdengo, L50|100\/100\n|switch|p2a: Sneasler|Sneasler, L50, F|100\/100\n|move|p2b: Kingambit|Sucker Punch||[still]\n|-fail|p2b: Kingambit\n|move|p1a: Hydreigon|Heat Wave|p2b: Kingambit|[spread] p2a,p2b\n|-supereffective|p2b: Kingambit\n|-damage|p2a: Sneasler|49\/100\n|-damage|p2b: Kingambit|27\/100\n|-status|p2b: Kingambit|brn\n|\n|-damage|p2b: Kingambit|21\/100 brn|[from] brn\n|upkeep\n|turn|4\n|inactive|GVAXIII has 30 seconds left.\n|inactive|GVAXIII has 20 seconds left.\n|\n|t:|1734038173\n|-terastallize|p2b: Kingambit|Dark\n|move|p2b: Kingambit|Sucker Punch||[still]\n|-fail|p2b: Kingambit\n|move|p2a: Sneasler|Close Combat|p1a: Hydreigon\n|-supereffective|p1a: Hydreigon\n|-damage|p1a: Hydreigon|0 fnt\n|-unboost|p2a: Sneasler|def|1\n|-unboost|p2a: Sneasler|spd|1\n|faint|p1a: Hydreigon\n|move|p1b: Gholdengo|Nasty Plot|p1b: Gholdengo\n|-boost|p1b: Gholdengo|spa|2\n|\n|-damage|p2b: Kingambit|15\/100 brn|[from] brn\n|-sideend|p1: GVAXIII|move: Tailwind\n|-sideend|p2: Spottedwoot|move: Tailwind\n|upkeep\n|j| coal master\n|\n|t:|1734038185\n|switch|p1a: Garchomp|Garchomp, L50, M, shiny, tera:Steel|26\/100\n|turn|5\n|\n|t:|1734038202\n|move|p1a: Garchomp|Protect|p1a: Garchomp\n|-singleturn|p1a: Garchomp|Protect\n|move|p2b: Kingambit|Sucker Punch|p1b: Gholdengo\n|-supereffective|p1b: Gholdengo\n|-damage|p1b: Gholdengo|53\/100\n|move|p2a: Sneasler|Close Combat|p1a: Garchomp\n|-activate|p1a: Garchomp|move: Protect\n|move|p1b: Gholdengo|Make It Rain|p2a: Sneasler|[spread] p2a,p2b\n|-damage|p2a: Sneasler|0 fnt\n|-damage|p2b: Kingambit|0 fnt\n|-unboost|p1b: Gholdengo|spa|1\n|faint|p2a: Sneasler\n|faint|p2b: Kingambit\n|\n|-heal|p1b: Gholdengo|59\/100|[from] item: Leftovers\n|upkeep\n|\n|t:|1734038210\n|switch|p2b: Salamence|Salamence, L50, M|90\/100\n|-ability|p2b: Salamence|Intimidate|boost\n|-unboost|p1a: Garchomp|atk|1\n|-unboost|p1b: Gholdengo|atk|1\n|turn|6\n|l| coal master\n|\n|t:|1734038231\n|move|p1a: Garchomp|Dragon Claw|p2b: Salamence\n|-supereffective|p2b: Salamence\n|-damage|p2b: Salamence|0 fnt\n|faint|p2b: Salamence\n|-damage|p1a: Garchomp|16\/100|[from] item: Life Orb\n|\n|win|GVAXIII\n|raw|GVAXIII's rating: 1685 &rarr; <strong>1708<\/strong><br \/>(+23 for winning)\n|raw|Spottedwoot's rating: 1735 &rarr; <strong>1712<\/strong><br \/>(-23 for losing)\n|l|\u2606Spottedwoot\n|player|p2|\n|l|\u2606GVAXIII\n|player|p1|\n","uploadtime":1734038434,"views":5,"formatid":"gen9vgc2024regh","rating":1708,"private":0,"password":null}