{"id":"gen9vgc2024regh-2261362517","format":"[Gen 9] VGC 2024 Reg H","players":["futonkagebunshin","MikoAg"],"log":"|j|\u2606futonkagebunshin\n|j|\u2606MikoAg\n|t:|1733966981\n|gametype|doubles\n|player|p1|futonkagebunshin|policeman-gen4|1752\n|player|p2|MikoAg|101|1664\n|teamsize|p1|6\n|teamsize|p2|6\n|gen|9\n|tier|[Gen 9] VGC 2024 Reg H\n|rated|\n|rule|Species Clause: Limit one of each Pok\u00e9mon\n|rule|Item Clause: Limit 1 of each item\n|clearpoke\n|poke|p1|Salamence, L50, F|\n|poke|p1|Revavroom, L50, M|\n|poke|p1|Garchomp, L50, F|\n|poke|p1|Volcarona, L50, M|\n|poke|p1|Amoonguss, L50, M|\n|poke|p1|Gallade, L50, M|\n|poke|p2|Armarouge, L50, M|\n|poke|p2|Indeedee-F, L50, F|\n|poke|p2|Dragapult, L50, M|\n|poke|p2|Sneasler, L50, F|\n|poke|p2|Milotic, L50, F|\n|poke|p2|Ninetales-Alola, L50, F|\n|teampreview|4\n|\n|t:|1733967036\n|start\n|switch|p1a: Salamence|Salamence, L50, F|100\/100\n|switch|p1b: Volcarona|Volcarona, L50, M|100\/100\n|switch|p2a: Armarouge|Armarouge, L50, M|100\/100\n|switch|p2b: Sneasler|Sneasler, L50, F|100\/100\n|-ability|p1a: Salamence|Intimidate|boost\n|-unboost|p2a: Armarouge|atk|1\n|-unboost|p2b: Sneasler|atk|1\n|turn|1\n|inactive|Battle timer is ON: inactive players will automatically lose when time's up. (requested by MikoAg)\n|\n|t:|1733967062\n|switch|p2b: Indeedee|Indeedee-F, L50, F|100\/100\n|-fieldstart|move: Psychic Terrain|[from] ability: Psychic Surge|[of] p2b: Indeedee\n|-terastallize|p2a: Armarouge|Stellar\n|move|p1a: Salamence|Dual Wingbeat|p2b: Indeedee\n|-damage|p2b: Indeedee|80\/100\n|-damage|p1a: Salamence|84\/100|[from] item: Rocky Helmet|[of] p2b: Indeedee\n|-damage|p2b: Indeedee|59\/100\n|-damage|p1a: Salamence|68\/100|[from] item: Rocky Helmet|[of] p2b: Indeedee\n|-hitcount|p2b: Indeedee|2\n|move|p1b: Volcarona|Quiver Dance|p1b: Volcarona\n|-boost|p1b: Volcarona|spa|1\n|-boost|p1b: Volcarona|spd|1\n|-boost|p1b: Volcarona|spe|1\n|move|p2a: Armarouge|Expanding Force|p1b: Volcarona|[spread] p1a,p1b\n|-damage|p1a: Salamence|0 fnt\n|-damage|p1b: Volcarona|52\/100\n|faint|p1a: Salamence\n|\n|-heal|p1b: Volcarona|58\/100|[from] item: Leftovers\n|upkeep\n|inactive|futonkagebunshin has 30 seconds left.\n|\n|t:|1733967093\n|switch|p1a: Gallade|Gallade, L50, M|100\/100\n|turn|2\n|inactive|futonkagebunshin has 30 seconds left.\n|\n|t:|1733967124\n|-terastallize|p1b: Volcarona|Grass\n|move|p2b: Indeedee|Helping Hand|p2a: Armarouge\n|-singleturn|p2a: Armarouge|Helping Hand|[of] p2b: Indeedee\n|move|p1b: Volcarona|Giga Drain|p2b: Indeedee\n|-damage|p2b: Indeedee|6\/100\n|-heal|p1b: Volcarona|82\/100|[from] drain|[of] p2b: Indeedee\n|move|p2a: Armarouge|Armor Cannon|p1b: Volcarona\n|-supereffective|p1b: Volcarona\n|-damage|p1b: Volcarona|0 fnt\n|-unboost|p2a: Armarouge|def|1\n|-unboost|p2a: Armarouge|spd|1\n|faint|p1b: Volcarona\n|move|p1a: Gallade|Psycho Cut|p2a: Armarouge\n|-resisted|p2a: Armarouge\n|-damage|p2a: Armarouge|43\/100\n|-ability|p2a: Armarouge|Weak Armor|boost\n|-unboost|p2a: Armarouge|def|1\n|-boost|p2a: Armarouge|spe|2\n|\n|upkeep\n|\n|t:|1733967135\n|switch|p1b: Revavroom|Revavroom, L50, M|100\/100\n|turn|3\n|\n|t:|1733967158\n|move|p1b: Revavroom|Protect|p1b: Revavroom\n|-singleturn|p1b: Revavroom|Protect\n|move|p2b: Indeedee|Follow Me|p2b: Indeedee\n|-singleturn|p2b: Indeedee|move: Follow Me\n|move|p2a: Armarouge|Armor Cannon|p1b: Revavroom\n|-activate|p1b: Revavroom|move: Protect\n|move|p1a: Gallade|Psycho Cut|p2b: Indeedee\n|-resisted|p2b: Indeedee\n|-damage|p2b: Indeedee|0 fnt\n|faint|p2b: Indeedee\n|\n|upkeep\n|\n|t:|1733967172\n|switch|p2b: Sneasler|Sneasler, L50, F|100\/100\n|-enditem|p2b: Sneasler|Psychic Seed\n|-boost|p2b: Sneasler|spd|1|[from] item: Psychic Seed\n|turn|4\n|inactive|futonkagebunshin has 30 seconds left.\n|\n|t:|1733967201\n|move|p1b: Revavroom|Protect||[still]\n|-fail|p1b: Revavroom\n|move|p2b: Sneasler|Throat Chop|p1b: Revavroom\n|-damage|p1b: Revavroom|70\/100\n|-start|p1b: Revavroom|Throat Chop|[silent]\n|move|p2a: Armarouge|Armor Cannon|p1b: Revavroom\n|-supereffective|p1b: Revavroom\n|-damage|p1b: Revavroom|0 fnt\n|-unboost|p2a: Armarouge|def|1\n|-unboost|p2a: Armarouge|spd|1\n|faint|p1b: Revavroom\n|move|p1a: Gallade|Trick Room|p1a: Gallade\n|-fieldstart|move: Trick Room|[of] p1a: Gallade\n|\n|upkeep\n|turn|5\n|\n|t:|1733967225\n|move|p1a: Gallade|Psycho Cut|p2a: Armarouge\n|-resisted|p2a: Armarouge\n|-crit|p2a: Armarouge\n|-damage|p2a: Armarouge|0 fnt\n|faint|p2a: Armarouge\n|move|p2b: Sneasler|Dire Claw|p1a: Gallade\n|-damage|p1a: Gallade|25\/100\n|\n|-fieldend|move: Psychic Terrain\n|upkeep\n|\n|t:|1733967233\n|switch|p2a: Ninetales|Ninetales-Alola, L50, F|100\/100\n|-weather|Snow|[from] ability: Snow Warning|[of] p2a: Ninetales\n|turn|6\n|\n|t:|1733967242\n|move|p1a: Gallade|Sacred Sword|p2a: Ninetales\n|-damage|p2a: Ninetales|30\/100\n|move|p2a: Ninetales|Moonblast|p1a: Gallade\n|-supereffective|p1a: Gallade\n|-damage|p1a: Gallade|0 fnt\n|faint|p1a: Gallade\n|\n|win|MikoAg\n|raw|futonkagebunshin's rating: 1752 &rarr; <strong>1727<\/strong><br \/>(-25 for losing)\n|raw|MikoAg's rating: 1664 &rarr; <strong>1689<\/strong><br \/>(+25 for winning)\n|l|\u2606MikoAg\n|player|p2|\n","uploadtime":1733967411,"views":14,"formatid":"gen9vgc2024regh","rating":1689,"private":0,"password":null}