{"id":"gen9vgc2024regh-2261983428","format":"[Gen 9] VGC 2024 Reg H","players":["Spottedwoot","falcon108"],"log":"|j|\u2606Spottedwoot\n|j|\u2606falcon108\n|t:|1734049748\n|gametype|doubles\n|player|p1|Spottedwoot|101|1689\n|player|p2|falcon108|palmer|1743\n|teamsize|p1|6\n|teamsize|p2|6\n|gen|9\n|tier|[Gen 9] VGC 2024 Reg H\n|rated|\n|rule|Species Clause: Limit one of each Pok\u00e9mon\n|rule|Item Clause: Limit 1 of each item\n|clearpoke\n|poke|p1|Kingambit, L50, M|\n|poke|p1|Primarina, L50, F|\n|poke|p1|Salamence, L50, F|\n|poke|p1|Gholdengo, L50|\n|poke|p1|Sneasler, L50, M|\n|poke|p1|Volcarona, L50, F|\n|poke|p2|Pelipper, L50, F|\n|poke|p2|Archaludon, L50, M|\n|poke|p2|Amoonguss, L50, F|\n|poke|p2|Basculegion, L50, M|\n|poke|p2|Gholdengo, L50|\n|poke|p2|Incineroar, L50, F|\n|teampreview|4\n|inactive|Battle timer is ON: inactive players will automatically lose when time's up. (requested by falcon108)\n|inactive|Spottedwoot has 60 seconds left.\n|\n|t:|1734049805\n|start\n|switch|p1a: Salamence|Salamence, L50, F|100\/100\n|switch|p1b: Sneasler|Sneasler, L50, M|100\/100\n|switch|p2a: Pelipper|Pelipper, L50, F|100\/100\n|switch|p2b: Archaludon|Archaludon, L50, M|100\/100\n|-ability|p1a: Salamence|Intimidate|boost\n|-unboost|p2a: Pelipper|atk|1\n|-unboost|p2b: Archaludon|atk|1\n|-weather|RainDance|[from] ability: Drizzle|[of] p2a: Pelipper\n|turn|1\n|\n|t:|1734049821\n|switch|p2a: Amoonguss|Amoonguss, L50, F|100\/100\n|-terastallize|p2b: Archaludon|Bug\n|move|p1b: Sneasler|Close Combat|p2b: Archaludon\n|-resisted|p2b: Archaludon\n|-damage|p2b: Archaludon|78\/100\n|-unboost|p1b: Sneasler|def|1\n|-unboost|p1b: Sneasler|spd|1\n|-ability|p2b: Archaludon|Stamina|boost\n|-boost|p2b: Archaludon|def|1\n|move|p1a: Salamence|Tailwind|p1a: Salamence\n|-sidestart|p1: Spottedwoot|move: Tailwind\n|move|p2b: Archaludon|Electro Shot||[still]\n|-prepare|p2b: Archaludon|Electro Shot\n|-boost|p2b: Archaludon|spa|1\n|-anim|p2b: Archaludon|Electro Shot|p1b: Sneasler\n|-enditem|p1b: Sneasler|Focus Sash\n|-damage|p1b: Sneasler|1\/100\n|\n|-weather|RainDance|[upkeep]\n|upkeep\n|turn|2\n|\n|t:|1734049833\n|move|p1b: Sneasler|Dire Claw|p2a: Amoonguss\n|-damage|p2a: Amoonguss|66\/100\n|-status|p2a: Amoonguss|slp\n|move|p1a: Salamence|Hurricane|p2b: Archaludon\n|-supereffective|p2b: Archaludon\n|-crit|p2b: Archaludon\n|-damage|p2b: Archaludon|0 fnt\n|faint|p2b: Archaludon\n|-damage|p1a: Salamence|90\/100|[from] item: Life Orb\n|cant|p2a: Amoonguss|slp\n|\n|-weather|RainDance|[upkeep]\n|upkeep\n|c|\u2606falcon108|Oh nice gg\n|\n|t:|1734049850\n|switch|p2b: Basculegion|Basculegion, L50, M|100\/100\n|turn|3\n|\n|t:|1734049857\n|-curestatus|p2a: Amoonguss|slp|[msg]\n|move|p2a: Amoonguss|Rage Powder|p2a: Amoonguss\n|-singleturn|p2a: Amoonguss|move: Rage Powder\n|move|p1b: Sneasler|Dire Claw|p2a: Amoonguss\n|-damage|p2a: Amoonguss|34\/100\n|-enditem|p2a: Amoonguss|Sitrus Berry|[eat]\n|-heal|p2a: Amoonguss|59\/100|[from] item: Sitrus Berry\n|move|p1a: Salamence|Hurricane|p2a: Amoonguss\n|-supereffective|p2a: Amoonguss\n|-damage|p2a: Amoonguss|0 fnt\n|faint|p2a: Amoonguss\n|-damage|p1a: Salamence|80\/100|[from] item: Life Orb\n|move|p2b: Basculegion|Last Respects|p1a: Salamence\n|-damage|p1a: Salamence|0 fnt\n|faint|p1a: Salamence\n|\n|-weather|RainDance|[upkeep]\n|upkeep\n|\n|t:|1734049865\n|switch|p1a: Kingambit|Kingambit, L50, M|100\/100\n|switch|p2a: Pelipper|Pelipper, L50, F|100\/100\n|turn|4\n|\n|t:|1734049869\n|move|p1a: Kingambit|Sucker Punch|p2b: Basculegion\n|-supereffective|p2b: Basculegion\n|-damage|p2b: Basculegion|2\/100\n|move|p1b: Sneasler|Dire Claw|p2a: Pelipper\n|-damage|p2a: Pelipper|49\/100\n|-status|p2a: Pelipper|par\n|move|p2b: Basculegion|Last Respects|p1a: Kingambit\n|-resisted|p1a: Kingambit\n|-crit|p1a: Kingambit\n|-damage|p1a: Kingambit|47\/100\n|cant|p2a: Pelipper|par\n|\n|-weather|RainDance|[upkeep]\n|-sideend|p1: Spottedwoot|move: Tailwind\n|upkeep\n|turn|5\n|c|\u2606falcon108|Really\n|\n|t:|1734049889\n|move|p1a: Kingambit|Sucker Punch|p2b: Basculegion\n|-supereffective|p2b: Basculegion\n|-damage|p2b: Basculegion|0 fnt\n|faint|p2b: Basculegion\n|move|p1b: Sneasler|Dire Claw|p2a: Pelipper\n|-damage|p2a: Pelipper|0 fnt\n|faint|p2a: Pelipper\n|\n|win|Spottedwoot\n|raw|Spottedwoot's rating: 1689 &rarr; <strong>1712<\/strong><br \/>(+23 for winning)\n|raw|falcon108's rating: 1743 &rarr; <strong>1720<\/strong><br \/>(-23 for losing)\n|l|\u2606Spottedwoot\n|player|p1|\n|l|\u2606falcon108\n|player|p2|\n","uploadtime":1734050116,"views":6,"formatid":"gen9vgc2024regh","rating":1712,"private":0,"password":null}