{"id":"gen9vgc2024regh-2261021111","format":"[Gen 9] VGC 2024 Reg H","players":["raul6248","hugaario"],"log":"|j|\u2606raul6248\n|j|\u2606hugaario\n|t:|1733930153\n|gametype|doubles\n|player|p1|raul6248|shadowtriad|1690\n|player|p2|hugaario|lucas-gen4pt|1697\n|teamsize|p1|6\n|teamsize|p2|6\n|gen|9\n|tier|[Gen 9] VGC 2024 Reg H\n|rated|\n|rule|Species Clause: Limit one of each Pok\u00e9mon\n|rule|Item Clause: Limit 1 of each item\n|clearpoke\n|poke|p1|Torkoal, L50, F|\n|poke|p1|Lilligant-Hisui, L50, F|\n|poke|p1|Indeedee, L50, M|\n|poke|p1|Oranguru, L50, F|\n|poke|p1|Ursaluna-Bloodmoon, L50, M|\n|poke|p1|Rillaboom, L50, F|\n|poke|p2|Palafin, L50, F|\n|poke|p2|Pelipper, L50, F|\n|poke|p2|Archaludon, L50, F|\n|poke|p2|Ursaluna-Bloodmoon, L50, M|\n|poke|p2|Rillaboom, L50, M|\n|poke|p2|Sneasler, L50, M|\n|teampreview|4\n|\n|t:|1733930188\n|start\n|switch|p1a: Oranguru|Oranguru, L50, F|100\/100\n|switch|p1b: Rillaboom|Rillaboom, L50, F|100\/100\n|switch|p2a: Archaludon|Archaludon, L50, F|100\/100\n|switch|p2b: Palafin|Palafin, L50, F|100\/100\n|-fieldstart|move: Grassy Terrain|[from] ability: Grassy Surge|[of] p1b: Rillaboom\n|turn|1\n|\n|t:|1733930198\n|move|p2b: Palafin|Protect|p2b: Palafin\n|-singleturn|p2b: Palafin|Protect\n|move|p1b: Rillaboom|Wood Hammer|p2b: Palafin\n|-activate|p2b: Palafin|move: Protect\n|move|p2a: Archaludon|Electro Shot||[still]\n|-prepare|p2a: Archaludon|Electro Shot\n|-boost|p2a: Archaludon|spa|1\n|-enditem|p2a: Archaludon|Power Herb\n|-anim|p2a: Archaludon|Electro Shot|p1a: Oranguru\n|-damage|p1a: Oranguru|54\/100\n|move|p1a: Oranguru|Trick Room|p1a: Oranguru\n|-fieldstart|move: Trick Room|[of] p1a: Oranguru\n|\n|-heal|p1a: Oranguru|60\/100|[from] Grassy Terrain\n|upkeep\n|turn|2\n|\n|t:|1733930216\n|detailschange|p2b: Palafin|Palafin-Hero, L50, F\n|switch|p2b: Pelipper|Pelipper, L50, F|100\/100\n|-weather|RainDance|[from] ability: Drizzle|[of] p2b: Pelipper\n|move|p1a: Oranguru|Instruct|p1b: Rillaboom\n|-singleturn|p1b: Rillaboom|move: Instruct|[of] p1a: Oranguru\n|move|p1b: Rillaboom|Wood Hammer|p2b: Pelipper\n|-damage|p2b: Pelipper|29\/100\n|-damage|p1b: Rillaboom|79\/100|[from] Recoil\n|move|p2a: Archaludon|Electro Shot||[still]\n|-prepare|p2a: Archaludon|Electro Shot\n|-boost|p2a: Archaludon|spa|1\n|-anim|p2a: Archaludon|Electro Shot|p1a: Oranguru\n|-damage|p1a: Oranguru|0 fnt\n|faint|p1a: Oranguru\n|move|p1b: Rillaboom|Wood Hammer|p2b: Pelipper\n|-damage|p2b: Pelipper|0 fnt\n|faint|p2b: Pelipper\n|-damage|p1b: Rillaboom|70\/100|[from] Recoil\n|\n|-weather|RainDance|[upkeep]\n|-heal|p1b: Rillaboom|76\/100|[from] Grassy Terrain\n|upkeep\n|\n|t:|1733930234\n|switch|p1a: Torkoal|Torkoal, L50, F|100\/100\n|switch|p2b: Rillaboom|Rillaboom, L50, M|100\/100\n|-weather|SunnyDay|[from] ability: Drought|[of] p1a: Torkoal\n|turn|3\n|\n|t:|1733930245\n|move|p1a: Torkoal|Protect|p1a: Torkoal\n|-singleturn|p1a: Torkoal|Protect\n|move|p2b: Rillaboom|Fake Out|p1b: Rillaboom\n|-damage|p1b: Rillaboom|58\/100\n|cant|p1b: Rillaboom|flinch\n|move|p2a: Archaludon|Draco Meteor|p1a: Torkoal\n|-activate|p1a: Torkoal|move: Protect\n|\n|-weather|SunnyDay|[upkeep]\n|-heal|p1b: Rillaboom|64\/100|[from] Grassy Terrain\n|upkeep\n|turn|4\n|\n|t:|1733930257\n|-terastallize|p2b: Rillaboom|Fire\n|move|p2a: Archaludon|Protect|p2a: Archaludon\n|-singleturn|p2a: Archaludon|Protect\n|move|p1a: Torkoal|Eruption|p2b: Rillaboom|[spread] p2b\n|-activate|p2a: Archaludon|move: Protect\n|-resisted|p2b: Rillaboom\n|-damage|p2b: Rillaboom|67\/100\n|move|p2b: Rillaboom|U-turn|p1b: Rillaboom\n|-supereffective|p1b: Rillaboom\n|-crit|p1b: Rillaboom\n|-damage|p1b: Rillaboom|0 fnt\n|faint|p1b: Rillaboom\n|\n|t:|1733930267\n|switch|p2b: Palafin|Palafin-Hero, L50, F|100\/100|[from] U-turn\n|-activate|p2b: Palafin|ability: Zero to Hero\n|\n|-weather|SunnyDay|[upkeep]\n|upkeep\n|\n|t:|1733930270\n|switch|p1b: Ursaluna|Ursaluna-Bloodmoon, L50, M|100\/100\n|turn|5\n|\n|t:|1733930298\n|switch|p2a: Rillaboom|Rillaboom, L50, M, tera:Fire|67\/100\n|-terastallize|p1b: Ursaluna|Normal\n|move|p2b: Palafin|Protect|p2b: Palafin\n|-singleturn|p2b: Palafin|Protect\n|move|p1a: Torkoal|Heat Wave|p2a: Rillaboom|[spread] p2a\n|-activate|p2b: Palafin|move: Protect\n|-resisted|p2a: Rillaboom\n|-damage|p2a: Rillaboom|48\/100\n|move|p1b: Ursaluna|Blood Moon|p2b: Palafin\n|-activate|p2b: Palafin|move: Protect\n|\n|-weather|SunnyDay|[upkeep]\n|-heal|p2a: Rillaboom|54\/100|[from] Grassy Terrain\n|-fieldend|move: Trick Room\n|-fieldend|move: Grassy Terrain\n|upkeep\n|turn|6\n|\n|t:|1733930334\n|move|p1b: Ursaluna|Protect|p1b: Ursaluna\n|-singleturn|p1b: Ursaluna|Protect\n|move|p1a: Torkoal|Protect|p1a: Torkoal\n|-singleturn|p1a: Torkoal|Protect\n|move|p2a: Rillaboom|Fake Out|p1a: Torkoal\n|-activate|p1a: Torkoal|move: Protect\n|move|p2b: Palafin|Wave Crash|p1a: Torkoal\n|-activate|p1a: Torkoal|move: Protect\n|\n|-weather|SunnyDay|[upkeep]\n|upkeep\n|turn|7\n|\n|t:|1733930362\n|move|p2b: Palafin|Protect|p2b: Palafin\n|-singleturn|p2b: Palafin|Protect\n|move|p2a: Rillaboom|Wood Hammer|p1b: Ursaluna\n|-damage|p1b: Ursaluna|56\/100\n|-damage|p2a: Rillaboom|39\/100|[from] Recoil\n|move|p1b: Ursaluna|Hyper Voice|p2b: Palafin|[spread] p2a\n|-activate|p2b: Palafin|move: Protect\n|-damage|p2a: Rillaboom|0 fnt\n|faint|p2a: Rillaboom\n|-enditem|p1b: Ursaluna|Throat Spray\n|-boost|p1b: Ursaluna|spa|1|[from] item: Throat Spray\n|move|p1a: Torkoal|Earth Power|p2b: Palafin\n|-activate|p2b: Palafin|move: Protect\n|\n|-weather|none\n|upkeep\n|\n|t:|1733930375\n|switch|p2a: Archaludon|Archaludon, L50, F|100\/100\n|turn|8\n|inactive|Battle timer is ON: inactive players will automatically lose when time's up. (requested by hugaario)\n|\n|t:|1733930412\n|move|p2a: Archaludon|Draco Meteor|p1a: Torkoal\n|-damage|p1a: Torkoal|14\/100\n|-unboost|p2a: Archaludon|spa|2\n|move|p2b: Palafin|Wave Crash|p1b: Ursaluna\n|-damage|p1b: Ursaluna|0 fnt\n|faint|p1b: Ursaluna\n|-damage|p2b: Palafin|81\/100|[from] Recoil\n|move|p1a: Torkoal|Heat Wave|p2b: Palafin|[spread] p2a,p2b\n|-resisted|p2b: Palafin\n|-crit|p2b: Palafin\n|-damage|p2a: Archaludon|44\/100\n|-damage|p2b: Palafin|54\/100\n|\n|upkeep\n|turn|9\n|c|\u2606raul6248|gg\n|\n|t:|1733930425\n|move|p2a: Archaludon|Flash Cannon|p1a: Torkoal\n|-resisted|p1a: Torkoal\n|-damage|p1a: Torkoal|0 fnt\n|faint|p1a: Torkoal\n|\n|win|hugaario\n|raw|raul6248's rating: 1690 &rarr; <strong>1670<\/strong><br \/>(-20 for losing)\n|raw|hugaario's rating: 1697 &rarr; <strong>1717<\/strong><br \/>(+20 for winning)\n|c|\u2606hugaario|gg\n|l|\u2606raul6248\n|player|p1|\n|l|\u2606hugaario\n|player|p2|\n","uploadtime":1733930616,"views":24,"formatid":"gen9vgc2024regh","rating":1670,"private":0,"password":null}