{"id":"gen9vgc2024regh-2261880077","format":"[Gen 9] VGC 2024 Reg H","players":["Spottedwoot","YesImReallyTrying"],"log":"|j|\u2606Spottedwoot\n|j|\u2606YesImReallyTrying\n|t:|1734037265\n|gametype|doubles\n|player|p1|Spottedwoot|2|1722\n|player|p2|YesImReallyTrying|169|1716\n|teamsize|p1|6\n|teamsize|p2|6\n|gen|9\n|tier|[Gen 9] VGC 2024 Reg H\n|rated|\n|rule|Species Clause: Limit one of each Pok\u00e9mon\n|rule|Item Clause: Limit 1 of each item\n|clearpoke\n|poke|p1|Kingambit, L50, M|\n|poke|p1|Primarina, L50, F|\n|poke|p1|Salamence, L50, F|\n|poke|p1|Gholdengo, L50|\n|poke|p1|Sneasler, L50, M|\n|poke|p1|Volcarona, L50, M|\n|poke|p2|Incineroar, L50, F|\n|poke|p2|Pelipper, L50, F|\n|poke|p2|Basculegion, L50, M|\n|poke|p2|Archaludon, L50, M|\n|poke|p2|Annihilape, L50, M|\n|poke|p2|Dragonite, L50, M|\n|teampreview|4\n|\n|t:|1734037317\n|start\n|switch|p1a: Salamence|Salamence, L50, F|100\/100\n|switch|p1b: Sneasler|Sneasler, L50, M|100\/100\n|switch|p2a: Pelipper|Pelipper, L50, F|100\/100\n|switch|p2b: Basculegion|Basculegion, L50, M|100\/100\n|-ability|p1a: Salamence|Intimidate|boost\n|-unboost|p2a: Pelipper|atk|1\n|-unboost|p2b: Basculegion|atk|1\n|-weather|RainDance|[from] ability: Drizzle|[of] p2a: Pelipper\n|turn|1\n|\n|t:|1734037349\n|move|p2a: Pelipper|Protect|p2a: Pelipper\n|-singleturn|p2a: Pelipper|Protect\n|move|p2b: Basculegion|Wave Crash|p1b: Sneasler\n|-enditem|p1b: Sneasler|Focus Sash\n|-damage|p1b: Sneasler|1\/100\n|-damage|p2b: Basculegion|74\/100|[from] Recoil\n|move|p1b: Sneasler|Close Combat|p2b: Basculegion\n|-immune|p2b: Basculegion\n|move|p1a: Salamence|Tailwind|p1a: Salamence\n|-sidestart|p1: Spottedwoot|move: Tailwind\n|\n|-weather|RainDance|[upkeep]\n|upkeep\n|turn|2\n|\n|t:|1734037364\n|move|p2b: Basculegion|Aqua Jet|p1b: Sneasler\n|-damage|p1b: Sneasler|0 fnt\n|faint|p1b: Sneasler\n|move|p1a: Salamence|Hurricane|p2a: Pelipper\n|-enditem|p2a: Pelipper|Focus Sash\n|-damage|p2a: Pelipper|1\/100\n|-start|p2a: Pelipper|confusion\n|-damage|p1a: Salamence|90\/100|[from] item: Life Orb\n|-activate|p2a: Pelipper|confusion\n|move|p2a: Pelipper|Tailwind|p2a: Pelipper\n|-sidestart|p2: YesImReallyTrying|move: Tailwind\n|\n|-weather|RainDance|[upkeep]\n|upkeep\n|\n|t:|1734037368\n|switch|p1b: Kingambit|Kingambit, L50, M|100\/100\n|turn|3\n|\n|t:|1734037383\n|switch|p2a: Archaludon|Archaludon, L50, M|100\/100\n|-terastallize|p2b: Basculegion|Water\n|move|p2b: Basculegion|Wave Crash|p1b: Kingambit\n|-damage|p1b: Kingambit|22\/100\n|-damage|p2b: Basculegion|47\/100|[from] Recoil\n|move|p1a: Salamence|Hurricane|p2b: Basculegion\n|-damage|p2b: Basculegion|0 fnt\n|faint|p2b: Basculegion\n|-damage|p1a: Salamence|80\/100|[from] item: Life Orb\n|move|p1b: Kingambit|Swords Dance|p1b: Kingambit\n|-boost|p1b: Kingambit|atk|2\n|\n|-weather|RainDance|[upkeep]\n|upkeep\n|\n|t:|1734037402\n|switch|p2b: Annihilape|Annihilape, L50, M|100\/100\n|turn|4\n|\n|t:|1734037417\n|move|p2b: Annihilape|Protect|p2b: Annihilape\n|-singleturn|p2b: Annihilape|Protect\n|move|p1b: Kingambit|Protect|p1b: Kingambit\n|-singleturn|p1b: Kingambit|Protect\n|move|p1a: Salamence|Hurricane|p2b: Annihilape\n|-activate|p2b: Annihilape|move: Protect\n|move|p2a: Archaludon|Dragon Pulse|p1a: Salamence\n|-supereffective|p1a: Salamence\n|-damage|p1a: Salamence|0 fnt\n|faint|p1a: Salamence\n|\n|-weather|RainDance|[upkeep]\n|-sideend|p1: Spottedwoot|move: Tailwind\n|upkeep\n|\n|t:|1734037420\n|switch|p1a: Gholdengo|Gholdengo, L50|100\/100\n|turn|5\n|\n|t:|1734037442\n|-terastallize|p1b: Kingambit|Dark\n|move|p1b: Kingambit|Sucker Punch||[still]\n|-fail|p1b: Kingambit\n|move|p2b: Annihilape|Bulk Up|p2b: Annihilape\n|-boost|p2b: Annihilape|atk|1\n|-boost|p2b: Annihilape|def|1\n|move|p2a: Archaludon|Electro Shot||[still]\n|-prepare|p2a: Archaludon|Electro Shot\n|-boost|p2a: Archaludon|spa|1\n|-anim|p2a: Archaludon|Electro Shot|p1b: Kingambit\n|-damage|p1b: Kingambit|0 fnt\n|faint|p1b: Kingambit\n|move|p1a: Gholdengo|Shadow Ball|p2a: Archaludon\n|-damage|p2a: Archaludon|59\/100\n|-ability|p2a: Archaludon|Stamina|boost\n|-boost|p2a: Archaludon|def|1\n|\n|-weather|none\n|-sideend|p2: YesImReallyTrying|move: Tailwind\n|upkeep\n|turn|6\n|\n|t:|1734037465\n|move|p2b: Annihilape|Rage Fist|p1a: Gholdengo\n|-supereffective|p1a: Gholdengo\n|-damage|p1a: Gholdengo|21\/100\n|move|p1a: Gholdengo|Shadow Ball|p2b: Annihilape\n|-supereffective|p2b: Annihilape\n|-damage|p2b: Annihilape|0 fnt\n|faint|p2b: Annihilape\n|move|p2a: Archaludon|Dragon Pulse|p1a: Gholdengo\n|-resisted|p1a: Gholdengo\n|-damage|p1a: Gholdengo|0 fnt\n|faint|p1a: Gholdengo\n|\n|win|YesImReallyTrying\n|raw|Spottedwoot's rating: 1722 &rarr; <strong>1702<\/strong><br \/>(-20 for losing)\n|raw|YesImReallyTrying's rating: 1716 &rarr; <strong>1736<\/strong><br \/>(+20 for winning)\n|l|\u2606Spottedwoot\n|player|p1|\n|c|\u2606YesImReallyTrying|gg\n|l|\u2606YesImReallyTrying\n|player|p2|\n","uploadtime":1734037739,"views":10,"formatid":"gen9vgc2024regh","rating":1702,"private":0,"password":null}