{"id":"gen9vgc2024regh-2261935426","format":"[Gen 9] VGC 2024 Reg H","players":["Cellpab1","Tulio1000"],"log":"|j|\u2606Cellpab1\n|j|\u2606Tulio1000\n|t:|1734043616\n|gametype|doubles\n|player|p1|Cellpab1|170|1643\n|player|p2|Tulio1000|youngster-gen4dp|1739\n|teamsize|p1|6\n|teamsize|p2|6\n|gen|9\n|tier|[Gen 9] VGC 2024 Reg H\n|rated|\n|rule|Species Clause: Limit one of each Pok\u00e9mon\n|rule|Item Clause: Limit 1 of each item\n|clearpoke\n|poke|p1|Ursaluna-Bloodmoon, L50, M|\n|poke|p1|Archaludon, L50, F|\n|poke|p1|Annihilape, L50, F|\n|poke|p1|Whimsicott, L50, F|\n|poke|p1|Dragonite, L50, F|\n|poke|p1|Arcanine, L50, F|\n|poke|p2|Sneasler, L50, F|\n|poke|p2|Indeedee, L50, M|\n|poke|p2|Pelipper, L50, M|\n|poke|p2|Archaludon, L50, F|\n|poke|p2|Dondozo, L50, F|\n|poke|p2|Tatsugiri, L50, M|\n|teampreview|4\n|inactive|Battle timer is ON: inactive players will automatically lose when time's up. (requested by Tulio1000)\n|inactive|Cellpab1 has 60 seconds left.\n|inactive|Cellpab1 has 30 seconds left.\n|inactive|Cellpab1 has 20 seconds left.\n|inactive|Cellpab1 has 15 seconds left.\n|inactive|Cellpab1 has 10 seconds left.\n|\n|t:|1734043700\n|start\n|switch|p1a: Whimsicott|Whimsicott, L50, F|100\/100\n|switch|p1b: Dragonite|Dragonite, L50, F|100\/100\n|switch|p2a: Dondozo|Dondozo, L50, F|100\/100\n|switch|p2b: Pelipper|Pelipper, L50, M|100\/100\n|-weather|RainDance|[from] ability: Drizzle|[of] p2b: Pelipper\n|turn|1\n|inactive|Cellpab1 has 30 seconds left.\n|\n|t:|1734043726\n|switch|p2b: Tatsugiri|Tatsugiri, L50, M|100\/100\n|-activate|p2b: Tatsugiri|ability: Commander|[of] p2a: Dondozo\n|-boost|p2a: Dondozo|atk|2\n|-boost|p2a: Dondozo|spa|2\n|-boost|p2a: Dondozo|spe|2\n|-boost|p2a: Dondozo|def|2\n|-boost|p2a: Dondozo|spd|2\n|-terastallize|p2a: Dondozo|Ice\n|move|p1b: Dragonite|Protect|p1b: Dragonite\n|-singleturn|p1b: Dragonite|Protect\n|move|p1a: Whimsicott|Tailwind|p1a: Whimsicott\n|-sidestart|p1: Cellpab1|move: Tailwind\n|move|p2a: Dondozo|Tera Blast|p1b: Dragonite|[anim] Tera Blast Ice\n|-activate|p1b: Dragonite|move: Protect\n|\n|-weather|RainDance|[upkeep]\n|upkeep\n|turn|2\n|inactive|Cellpab1 has 30 seconds left.\n|inactive|Cellpab1 has 20 seconds left.\n|inactive|Cellpab1 has 15 seconds left.\n|\n|t:|1734043770\n|switch|p1a: Ursaluna|Ursaluna-Bloodmoon, L50, M|100\/100\n|-terastallize|p1b: Dragonite|Steel\n|move|p1b: Dragonite|Haze|p1b: Dragonite\n|-clearallboost\n|move|p2a: Dondozo|Tera Blast|p1a: Ursaluna|[anim] Tera Blast Ice\n|-supereffective|p1a: Ursaluna\n|-damage|p1a: Ursaluna|33\/100\n|\n|-weather|RainDance|[upkeep]\n|upkeep\n|turn|3\n|\n|t:|1734043787\n|move|p1b: Dragonite|Scale Shot|p2a: Dondozo\n|-damage|p2a: Dondozo|89\/100\n|-damage|p2a: Dondozo|79\/100\n|-damage|p2a: Dondozo|68\/100\n|-damage|p2a: Dondozo|57\/100\n|-damage|p2a: Dondozo|46\/100\n|-hitcount|p2a: Dondozo|5\n|-unboost|p1b: Dragonite|def|1\n|-boost|p1b: Dragonite|spe|1\n|move|p1a: Ursaluna|Blood Moon|p2a: Dondozo\n|-damage|p2a: Dondozo|0 fnt\n|faint|p2a: Dondozo\n|-damage|p1a: Ursaluna|23\/100|[from] item: Life Orb\n|\n|-weather|RainDance|[upkeep]\n|upkeep\n|\n|t:|1734043794\n|switch|p2a: Archaludon|Archaludon, L50, F|100\/100\n|turn|4\n|inactive|Cellpab1 has 30 seconds left.\n|\n|t:|1734043823\n|switch|p1a: Archaludon|Archaludon, L50, F|100\/100\n|move|p2b: Tatsugiri|Protect|p2b: Tatsugiri\n|-singleturn|p2b: Tatsugiri|Protect\n|move|p1b: Dragonite|Scale Shot|p2b: Tatsugiri\n|-activate|p2b: Tatsugiri|move: Protect\n|move|p2a: Archaludon|Electro Shot||[still]\n|-prepare|p2a: Archaludon|Electro Shot\n|-boost|p2a: Archaludon|spa|1\n|-anim|p2a: Archaludon|Electro Shot|p1b: Dragonite\n|-damage|p1b: Dragonite|43\/100\n|\n|-weather|RainDance|[upkeep]\n|-sideend|p1: Cellpab1|move: Tailwind\n|upkeep\n|turn|5\n|inactive|Cellpab1 has 30 seconds left.\n|inactive|Tulio1000 has 30 seconds left.\n|\n|t:|1734043851\n|move|p1b: Dragonite|Scale Shot|p2b: Tatsugiri\n|-supereffective|p2b: Tatsugiri\n|-damage|p2b: Tatsugiri|46\/100\n|-supereffective|p2b: Tatsugiri\n|-damage|p2b: Tatsugiri|0 fnt\n|faint|p2b: Tatsugiri\n|-hitcount|p2: Tatsugiri|2\n|-unboost|p1b: Dragonite|def|1\n|-boost|p1b: Dragonite|spe|1\n|move|p2a: Archaludon|Electro Shot||[still]\n|-prepare|p2a: Archaludon|Electro Shot\n|-boost|p2a: Archaludon|spa|1\n|-anim|p2a: Archaludon|Electro Shot|p1a: Archaludon\n|-resisted|p1a: Archaludon\n|-damage|p1a: Archaludon|55\/100\n|-ability|p1a: Archaludon|Stamina|boost\n|-boost|p1a: Archaludon|def|1\n|move|p1a: Archaludon|Snarl|p2a: Archaludon\n|-damage|p2a: Archaludon|75\/100\n|-unboost|p2a: Archaludon|spa|1\n|\n|-weather|none\n|upkeep\n|\n|t:|1734043870\n|switch|p2b: Pelipper|Pelipper, L50, M|100\/100\n|-weather|RainDance|[from] ability: Drizzle|[of] p2b: Pelipper\n|turn|6\n|inactive|Cellpab1 has 30 seconds left.\n|inactive|Cellpab1 has 20 seconds left.\n|inactive|Cellpab1 has 15 seconds left.\n|inactive|Cellpab1 has 10 seconds left.\n|inactive|Cellpab1 has 5 seconds left.\n|\n|t:|1734043923\n|move|p1b: Dragonite|Scale Shot|p2b: Pelipper\n|-damage|p2b: Pelipper|80\/100\n|-damage|p2b: Pelipper|60\/100\n|-damage|p2b: Pelipper|40\/100\n|-damage|p2b: Pelipper|19\/100\n|-hitcount|p2b: Pelipper|4\n|-unboost|p1b: Dragonite|def|1\n|-boost|p1b: Dragonite|spe|1\n|move|p2b: Pelipper|Muddy Water|p1b: Dragonite|[spread] p1a,p1b\n|-resisted|p1a: Archaludon\n|-damage|p1a: Archaludon|40\/100\n|-damage|p1b: Dragonite|0 fnt\n|-ability|p1a: Archaludon|Stamina|boost\n|-boost|p1a: Archaludon|def|1\n|faint|p1b: Dragonite\n|move|p2a: Archaludon|Electro Shot||[still]\n|-prepare|p2a: Archaludon|Electro Shot\n|-boost|p2a: Archaludon|spa|1\n|-anim|p2a: Archaludon|Electro Shot|p1a: Archaludon\n|-resisted|p1a: Archaludon\n|-damage|p1a: Archaludon|0 fnt\n|faint|p1a: Archaludon\n|\n|-weather|RainDance|[upkeep]\n|upkeep\n|\n|t:|1734043944\n|switch|p1b: Ursaluna|Ursaluna-Bloodmoon, L50, M|23\/100\n|switch|p1a: Whimsicott|Whimsicott, L50, F|100\/100\n|turn|7\n|\n|t:|1734043953\n|move|p1b: Ursaluna|Protect|p1b: Ursaluna\n|-singleturn|p1b: Ursaluna|Protect\n|move|p1a: Whimsicott|Tailwind|p1a: Whimsicott\n|-sidestart|p1: Cellpab1|move: Tailwind\n|move|p2b: Pelipper|Muddy Water|p1b: Ursaluna|[spread] p1a\n|-activate|p1b: Ursaluna|move: Protect\n|-resisted|p1a: Whimsicott\n|-damage|p1a: Whimsicott|65\/100\n|move|p2a: Archaludon|Electro Shot||[still]\n|-prepare|p2a: Archaludon|Electro Shot\n|-boost|p2a: Archaludon|spa|1\n|-anim|p2a: Archaludon|Electro Shot|p1a: Whimsicott\n|-resisted|p1a: Whimsicott\n|-damage|p1a: Whimsicott|0 fnt\n|faint|p1a: Whimsicott\n|\n|-weather|RainDance|[upkeep]\n|upkeep\n|turn|8\n|\n|t:|1734043968\n|move|p1b: Ursaluna|Earth Power|p2a: Archaludon\n|-supereffective|p2a: Archaludon\n|-damage|p2a: Archaludon|0 fnt\n|faint|p2a: Archaludon\n|-damage|p1b: Ursaluna|14\/100|[from] item: Life Orb\n|move|p2b: Pelipper|Muddy Water|p1b: Ursaluna|[miss]\n|-miss|p2b: Pelipper|p1b: Ursaluna\n|\n|-weather|RainDance|[upkeep]\n|upkeep\n|turn|9\n|\n|t:|1734043991\n|move|p1b: Ursaluna|Hyper Voice|p2b: Pelipper\n|-damage|p2b: Pelipper|0 fnt\n|faint|p2b: Pelipper\n|-damage|p1b: Ursaluna|4\/100|[from] item: Life Orb\n|\n|win|Cellpab1\n|raw|Cellpab1's rating: 1643 &rarr; <strong>1668<\/strong><br \/>(+25 for winning)\n|raw|Tulio1000's rating: 1739 &rarr; <strong>1714<\/strong><br \/>(-25 for losing)\n|l|\u2606Cellpab1\n|player|p1|\n|l|\u2606Tulio1000\n|player|p2|\n","uploadtime":1734044137,"views":10,"formatid":"gen9vgc2024regh","rating":1668,"private":0,"password":null}