{"id":"gen9vgc2024regh-2261230736","format":"[Gen 9] VGC 2024 Reg H","players":["chin8","Brave12223"],"log":"|j|\u2606chin8\n|j|\u2606Brave12223\n|t:|1733951005\n|gametype|doubles\n|player|p1|chin8|gentleman-gen4dp|1646\n|player|p2|Brave12223|colress|1702\n|teamsize|p1|6\n|teamsize|p2|6\n|gen|9\n|tier|[Gen 9] VGC 2024 Reg H\n|rated|\n|rule|Species Clause: Limit one of each Pok\u00e9mon\n|rule|Item Clause: Limit 1 of each item\n|clearpoke\n|poke|p1|Baxcalibur, L50, F|\n|poke|p1|Kilowattrel, L50, F|\n|poke|p1|Granbull, L50, F|\n|poke|p1|Gardevoir, L50, M|\n|poke|p1|Magmortar, L50, M|\n|poke|p1|Gholdengo, L50|\n|poke|p2|Gholdengo, L50|\n|poke|p2|Archaludon, L50, F|\n|poke|p2|Basculegion, L50, M|\n|poke|p2|Pelipper, L50, M|\n|poke|p2|Amoonguss, L50, M|\n|poke|p2|Incineroar, L50, F|\n|teampreview|4\n|inactive|Battle timer is ON: inactive players will automatically lose when time's up. (requested by Brave12223)\n|inactive|chin8 has 60 seconds left.\n|\n|t:|1733951049\n|start\n|switch|p1a: Kilowattrel|Kilowattrel, L50, F|100\/100\n|switch|p1b: Baxcalibur|Baxcalibur, L50, F|100\/100\n|switch|p2a: Basculegion|Basculegion, L50, M|100\/100\n|switch|p2b: Incineroar|Incineroar, L50, F|100\/100\n|-ability|p2b: Incineroar|Intimidate|boost\n|-unboost|p1a: Kilowattrel|atk|1\n|-ability|p1a: Kilowattrel|Competitive|boost\n|-boost|p1a: Kilowattrel|spa|2\n|-unboost|p1b: Baxcalibur|atk|1\n|turn|1\n|\n|t:|1733951071\n|switch|p2b: Pelipper|Pelipper, L50, M|100\/100\n|-weather|RainDance|[from] ability: Drizzle|[of] p2b: Pelipper\n|move|p1a: Kilowattrel|Protect|p1a: Kilowattrel\n|-singleturn|p1a: Kilowattrel|Protect\n|move|p2a: Basculegion|Flip Turn|p1a: Kilowattrel\n|-activate|p1a: Kilowattrel|move: Protect\n|move|p1b: Baxcalibur|Glaive Rush|p2a: Basculegion\n|-damage|p2a: Basculegion|35\/100\n|-singlemove|p1b: Baxcalibur|Glaive Rush|[silent]\n|\n|-weather|RainDance|[upkeep]\n|upkeep\n|turn|2\n|\n|t:|1733951080\n|move|p1b: Baxcalibur|Ice Shard|p2b: Pelipper\n|-damage|p2b: Pelipper|80\/100\n|move|p2a: Basculegion|Flip Turn|p1a: Kilowattrel\n|-enditem|p1a: Kilowattrel|Focus Sash\n|-damage|p1a: Kilowattrel|1\/100\n|\n|t:|1733951087\n|switch|p2a: Gholdengo|Gholdengo, L50|100\/100|[from] Flip Turn\n|move|p1a: Kilowattrel|Thunderbolt|p2b: Pelipper\n|-supereffective|p2b: Pelipper\n|-damage|p2b: Pelipper|0 fnt\n|faint|p2b: Pelipper\n|\n|-weather|RainDance|[upkeep]\n|upkeep\n|\n|t:|1733951093\n|switch|p2b: Basculegion|Basculegion, L50, M|35\/100\n|turn|3\n|\n|t:|1733951100\n|-terastallize|p1b: Baxcalibur|Ground\n|move|p2b: Basculegion|Aqua Jet|p1a: Kilowattrel\n|-damage|p1a: Kilowattrel|0 fnt\n|faint|p1a: Kilowattrel\n|move|p2a: Gholdengo|Make It Rain|p1b: Baxcalibur\n|-damage|p1b: Baxcalibur|54\/100\n|-unboost|p2a: Gholdengo|spa|1\n|-damage|p2a: Gholdengo|91\/100|[from] item: Life Orb\n|move|p1b: Baxcalibur|Earthquake|p2b: Basculegion|[spread] p2a,p2b\n|-supereffective|p2a: Gholdengo\n|-crit|p2b: Basculegion\n|-damage|p2a: Gholdengo|19\/100\n|-damage|p2b: Basculegion|0 fnt\n|faint|p2b: Basculegion\n|\n|-weather|RainDance|[upkeep]\n|upkeep\n|\n|t:|1733951107\n|switch|p1a: Magmortar|Magmortar, L50, M|100\/100\n|switch|p2b: Incineroar|Incineroar, L50, F|100\/100\n|-ability|p2b: Incineroar|Intimidate|boost\n|-unboost|p1a: Magmortar|atk|1\n|-unboost|p1b: Baxcalibur|atk|1\n|turn|4\n|\n|t:|1733951125\n|move|p2b: Incineroar|Fake Out|p1b: Baxcalibur\n|-damage|p1b: Baxcalibur|45\/100\n|move|p2a: Gholdengo|Nasty Plot|p2a: Gholdengo\n|-boost|p2a: Gholdengo|spa|2\n|cant|p1b: Baxcalibur|flinch\n|move|p1a: Magmortar|Heat Wave|p2a: Gholdengo|[spread] p2a,p2b\n|-supereffective|p2a: Gholdengo\n|-resisted|p2b: Incineroar\n|-damage|p2a: Gholdengo|0 fnt\n|-damage|p2b: Incineroar|94\/100\n|faint|p2a: Gholdengo\n|\n|-weather|RainDance|[upkeep]\n|upkeep\n|turn|5\n|\n|t:|1733951140\n|switch|p1b: Gholdengo|Gholdengo, L50|100\/100\n|-terastallize|p2b: Incineroar|Ghost\n|move|p1a: Magmortar|Follow Me|p1a: Magmortar\n|-singleturn|p1a: Magmortar|move: Follow Me\n|move|p2b: Incineroar|Knock Off|p1a: Magmortar\n|-damage|p1a: Magmortar|59\/100\n|-status|p2b: Incineroar|brn|[from] ability: Flame Body|[of] p1a: Magmortar\n|-enditem|p1a: Magmortar|Sitrus Berry|[from] move: Knock Off|[of] p2b: Incineroar\n|\n|-weather|none\n|-damage|p2b: Incineroar|88\/100 brn|[from] brn\n|upkeep\n|turn|6\n|-message|Brave12223 forfeited.\n|\n|win|chin8\n|raw|chin8's rating: 1646 &rarr; <strong>1669<\/strong><br \/>(+23 for winning)\n|raw|Brave12223's rating: 1702 &rarr; <strong>1679<\/strong><br \/>(-23 for losing)\n|l|\u2606Brave12223\n|player|p2|\n|l|\u2606chin8\n|player|p1|\n","uploadtime":1733951345,"views":8,"formatid":"gen9vgc2024regh","rating":1669,"private":0,"password":null}