{"id":"gen9vgc2024regh-2261856890","format":"[Gen 9] VGC 2024 Reg H","players":["hiddengrottofe","ttps65"],"log":"|j|\u2606hiddengrottofe\n|j|\u2606ttps65\n|t:|1734034793\n|gametype|doubles\n|player|p1|hiddengrottofe|ltsurge|1729\n|player|p2|ttps65|lucas|1660\n|teamsize|p1|6\n|teamsize|p2|6\n|gen|9\n|tier|[Gen 9] VGC 2024 Reg H\n|rated|\n|rule|Species Clause: Limit one of each Pok\u00e9mon\n|rule|Item Clause: Limit 1 of each item\n|clearpoke\n|poke|p1|Sneasler, L50, F|\n|poke|p1|Ursaluna, L50, F|\n|poke|p1|Indeedee-F, L50, F|\n|poke|p1|Armarouge, L50, M|\n|poke|p1|Salamence, L50, M|\n|poke|p1|Torkoal, L50, M|\n|poke|p2|Annihilape, L50, M|\n|poke|p2|Dragonite, L50, M|\n|poke|p2|Archaludon, L50, F|\n|poke|p2|Ninetales-Alola, L50, F|\n|poke|p2|Kingambit, L50, F|\n|poke|p2|Incineroar, L50, M|\n|teampreview|4\n|\n|t:|1734034816\n|start\n|switch|p1a: Torkoal|Torkoal, L50, M|100\/100\n|switch|p1b: Indeedee|Indeedee-F, L50, F|100\/100\n|switch|p2a: Annihilape|Annihilape, L50, M|100\/100\n|switch|p2b: Dragonite|Dragonite, L50, M|100\/100\n|-fieldstart|move: Psychic Terrain|[from] ability: Psychic Surge|[of] p1b: Indeedee\n|-weather|SunnyDay|[from] ability: Drought|[of] p1a: Torkoal\n|turn|1\n|inactive|Battle timer is ON: inactive players will automatically lose when time's up. (requested by ttps65)\n|\n|t:|1734034831\n|move|p2a: Annihilape|Final Gambit|p1b: Indeedee\n|-enditem|p1b: Indeedee|Focus Sash\n|-damage|p1b: Indeedee|1\/100\n|faint|p2a: Annihilape\n|move|p2b: Dragonite|Scale Shot|p1b: Indeedee\n|-damage|p1b: Indeedee|0 fnt\n|faint|p1b: Indeedee\n|-hitcount|p1: Indeedee|1\n|-unboost|p2b: Dragonite|def|1\n|-boost|p2b: Dragonite|spe|1\n|move|p1a: Torkoal|Heat Wave|p2b: Dragonite\n|-resisted|p2b: Dragonite\n|-damage|p2b: Dragonite|81\/100\n|\n|-weather|SunnyDay|[upkeep]\n|upkeep\n|\n|t:|1734034850\n|switch|p2a: Incineroar|Incineroar, L50, M|100\/100\n|switch|p1b: Ursaluna|Ursaluna, L50, F|100\/100\n|-ability|p2a: Incineroar|Intimidate|boost\n|-unboost|p1a: Torkoal|atk|1\n|-unboost|p1b: Ursaluna|atk|1\n|turn|2\n|\n|t:|1734034869\n|move|p1b: Ursaluna|Protect|p1b: Ursaluna\n|-singleturn|p1b: Ursaluna|Protect\n|move|p2b: Dragonite|Scale Shot|p1a: Torkoal|[miss]\n|-miss|p2b: Dragonite|p1a: Torkoal\n|move|p2a: Incineroar|Knock Off|p1a: Torkoal\n|-damage|p1a: Torkoal|70\/100\n|-enditem|p1a: Torkoal|Charcoal|[from] move: Knock Off|[of] p2a: Incineroar\n|move|p1a: Torkoal|Sludge Bomb|p2b: Dragonite\n|-damage|p2b: Dragonite|54\/100\n|\n|-weather|SunnyDay|[upkeep]\n|-status|p1b: Ursaluna|brn|[from] item: Flame Orb\n|upkeep\n|turn|3\n|inactive|ttps65 has 30 seconds left.\n|\n|t:|1734034896\n|move|p2b: Dragonite|Protect|p2b: Dragonite\n|-singleturn|p2b: Dragonite|Protect\n|move|p1a: Torkoal|Protect|p1a: Torkoal\n|-singleturn|p1a: Torkoal|Protect\n|move|p2a: Incineroar|Flare Blitz|p1b: Ursaluna\n|-damage|p1b: Ursaluna|63\/100 brn\n|-damage|p2a: Incineroar|86\/100|[from] Recoil\n|move|p1b: Ursaluna|Earthquake|p2b: Dragonite|[spread] p2a\n|-activate|p1a: Torkoal|move: Protect\n|-activate|p2b: Dragonite|move: Protect\n|-supereffective|p2a: Incineroar\n|-crit|p2a: Incineroar\n|-damage|p2a: Incineroar|0 fnt\n|faint|p2a: Incineroar\n|\n|-weather|SunnyDay|[upkeep]\n|-damage|p1b: Ursaluna|57\/100 brn|[from] brn\n|upkeep\n|\n|t:|1734034911\n|switch|p2a: Kingambit|Kingambit, L50, F|100\/100\n|turn|4\n|\n|t:|1734034920\n|switch|p1b: Armarouge|Armarouge, L50, M|100\/100\n|-terastallize|p2a: Kingambit|Dark\n|move|p2b: Dragonite|Scale Shot|p1a: Torkoal\n|-damage|p1a: Torkoal|59\/100\n|-damage|p1a: Torkoal|49\/100\n|-damage|p1a: Torkoal|38\/100\n|-damage|p1a: Torkoal|28\/100\n|-hitcount|p1a: Torkoal|4\n|-unboost|p2b: Dragonite|def|1\n|-boost|p2b: Dragonite|spe|1\n|move|p2a: Kingambit|Low Kick|p1b: Armarouge\n|-resisted|p1b: Armarouge\n|-damage|p1b: Armarouge|84\/100\n|move|p1a: Torkoal|Heat Wave|p2a: Kingambit|[spread] p2a,p2b\n|-resisted|p2b: Dragonite\n|-damage|p2a: Kingambit|68\/100\n|-damage|p2b: Dragonite|31\/100\n|\n|-weather|SunnyDay|[upkeep]\n|upkeep\n|turn|5\n|\n|t:|1734034940\n|move|p2b: Dragonite|Scale Shot|p1b: Armarouge\n|-damage|p1b: Armarouge|69\/100\n|-damage|p1b: Armarouge|52\/100\n|-damage|p1b: Armarouge|35\/100\n|-damage|p1b: Armarouge|20\/100\n|-hitcount|p1b: Armarouge|4\n|-unboost|p2b: Dragonite|def|1\n|-boost|p2b: Dragonite|spe|1\n|move|p1b: Armarouge|Heat Wave|p2a: Kingambit|[spread] p2a,p2b\n|-resisted|p2b: Dragonite\n|-damage|p2a: Kingambit|30\/100\n|-damage|p2b: Dragonite|1\/100\n|move|p2a: Kingambit|Kowtow Cleave|p1a: Torkoal\n|-damage|p1a: Torkoal|0 fnt\n|faint|p1a: Torkoal\n|\n|-weather|none\n|-fieldend|move: Psychic Terrain\n|upkeep\n|\n|t:|1734034951\n|switch|p1a: Ursaluna|Ursaluna, L50, F|57\/100 brn\n|turn|6\n|inactive|ttps65 has 30 seconds left.\n|\n|t:|1734034979\n|move|p2b: Dragonite|Scale Shot|p1b: Armarouge\n|-damage|p1b: Armarouge|3\/100\n|-damage|p1b: Armarouge|0 fnt\n|faint|p1b: Armarouge\n|-hitcount|p1: Armarouge|2\n|-unboost|p2b: Dragonite|def|1\n|-boost|p2b: Dragonite|spe|1\n|move|p2a: Kingambit|Low Kick|p1a: Ursaluna\n|-supereffective|p1a: Ursaluna\n|-damage|p1a: Ursaluna|12\/100 brn\n|move|p1a: Ursaluna|Facade|p2a: Kingambit\n|-damage|p2a: Kingambit|0 fnt\n|faint|p2a: Kingambit\n|\n|-damage|p1a: Ursaluna|6\/100 brn|[from] brn\n|upkeep\n|turn|7\n|\n|t:|1734034994\n|move|p2b: Dragonite|Protect|p2b: Dragonite\n|-singleturn|p2b: Dragonite|Protect\n|move|p1a: Ursaluna|Facade|p2b: Dragonite\n|-activate|p2b: Dragonite|move: Protect\n|\n|-damage|p1a: Ursaluna|0 fnt|[from] brn\n|faint|p1a: Ursaluna\n|\n|win|ttps65\n|upkeep\n|raw|hiddengrottofe's rating: 1729 &rarr; <strong>1705<\/strong><br \/>(-24 for losing)\n|raw|ttps65's rating: 1660 &rarr; <strong>1684<\/strong><br \/>(+24 for winning)\n|l|\u2606hiddengrottofe\n|player|p1|\n|l|\u2606ttps65\n|player|p2|\n","uploadtime":1734035230,"views":6,"formatid":"gen9vgc2024regh","rating":1684,"private":0,"password":null}