{"id":"gen9vgc2024regh-2261838668","format":"[Gen 9] VGC 2024 Reg H","players":["mazamizo","DragonairJordan23"],"log":"|j|\u2606mazamizo\n|j|\u2606DragonairJordan23\n|t:|1734032875\n|gametype|doubles\n|player|p1|mazamizo|101|1703\n|player|p2|DragonairJordan23|266|1724\n|teamsize|p1|6\n|teamsize|p2|6\n|gen|9\n|tier|[Gen 9] VGC 2024 Reg H\n|rated|\n|rule|Species Clause: Limit one of each Pok\u00e9mon\n|rule|Item Clause: Limit 1 of each item\n|clearpoke\n|poke|p1|Armarouge, L50, M|\n|poke|p1|Indeedee-F, L50, F|\n|poke|p1|Ursaluna, L50, M|\n|poke|p1|Gallade, L50, M|\n|poke|p1|Torkoal, L50, M|\n|poke|p1|Lilligant-Hisui, L50, F|\n|poke|p2|Garchomp, L50, F|\n|poke|p2|Pelipper, L50, M|\n|poke|p2|Archaludon, L50, F|\n|poke|p2|Sinistcha, L50|\n|poke|p2|Incineroar, L50, M|\n|poke|p2|Glimmora, L50, F|\n|teampreview|4\n|inactive|Battle timer is ON: inactive players will automatically lose when time's up. (requested by mazamizo)\n|inactive|DragonairJordan23 has 60 seconds left.\n|\n|t:|1734032913\n|start\n|switch|p1a: Indeedee|Indeedee-F, L50, F|100\/100\n|switch|p1b: Armarouge|Armarouge, L50, M|100\/100\n|switch|p2a: Incineroar|Incineroar, L50, M|100\/100\n|switch|p2b: Sinistcha|Sinistcha, L50|100\/100\n|-ability|p2a: Incineroar|Intimidate|boost\n|-unboost|p1a: Indeedee|atk|1\n|-unboost|p1b: Armarouge|atk|1\n|-fieldstart|move: Psychic Terrain|[from] ability: Psychic Surge|[of] p1a: Indeedee\n|-enditem|p1a: Indeedee|Psychic Seed\n|-boost|p1a: Indeedee|spd|1|[from] item: Psychic Seed\n|turn|1\n|\n|t:|1734032928\n|switch|p2b: Archaludon|Archaludon, L50, F|100\/100\n|-terastallize|p1b: Armarouge|Fairy\n|move|p2a: Incineroar|Knock Off|p1b: Armarouge\n|-resisted|p1b: Armarouge\n|-damage|p1b: Armarouge|84\/100\n|-enditem|p1b: Armarouge|Life Orb|[from] move: Knock Off|[of] p2a: Incineroar\n|move|p1b: Armarouge|Armor Cannon|p2b: Archaludon\n|-damage|p2b: Archaludon|48\/100\n|-unboost|p1b: Armarouge|def|1\n|-unboost|p1b: Armarouge|spd|1\n|-ability|p2b: Archaludon|Stamina|boost\n|-boost|p2b: Archaludon|def|1\n|move|p1a: Indeedee|Trick Room|p1a: Indeedee\n|-fieldstart|move: Trick Room|[of] p1a: Indeedee\n|\n|upkeep\n|turn|2\n|inactive|mazamizo has 30 seconds left.\n|inactive|DragonairJordan23 has 30 seconds left.\n|inactive|DragonairJordan23 has 20 seconds left.\n|inactive|DragonairJordan23 has 15 seconds left.\n|\n|t:|1734032977\n|switch|p1b: Ursaluna|Ursaluna, L50, M|100\/100\n|switch|p2a: Sinistcha|Sinistcha, L50|100\/100\n|-heal|p2b: Archaludon|73\/100|[from] ability: Hospitality|[of] p2a: Sinistcha\n|move|p1a: Indeedee|Alluring Voice|p2a: Sinistcha\n|-damage|p2a: Sinistcha|84\/100\n|move|p2b: Archaludon|Snarl|p1b: Ursaluna|[spread] p1a,p1b\n|-supereffective|p1a: Indeedee\n|-damage|p1a: Indeedee|81\/100\n|-damage|p1b: Ursaluna|87\/100\n|-unboost|p1a: Indeedee|spa|1\n|-unboost|p1b: Ursaluna|spa|1\n|\n|-status|p1b: Ursaluna|brn|[from] item: Flame Orb\n|upkeep\n|turn|3\n|inactive|mazamizo has 30 seconds left.\n|\n|t:|1734033010\n|switch|p1a: Armarouge|Armarouge, L50, M, tera:Fairy|84\/100\n|-terastallize|p2b: Archaludon|Bug\n|move|p1b: Ursaluna|Headlong Rush|p2b: Archaludon\n|-resisted|p2b: Archaludon\n|-damage|p2b: Archaludon|44\/100\n|-unboost|p1b: Ursaluna|def|1\n|-unboost|p1b: Ursaluna|spd|1\n|-ability|p2b: Archaludon|Stamina|boost\n|-boost|p2b: Archaludon|def|1\n|move|p2b: Archaludon|Body Press|p1b: Ursaluna\n|-supereffective|p1b: Ursaluna\n|-damage|p1b: Ursaluna|0 fnt\n|faint|p1b: Ursaluna\n|move|p2a: Sinistcha|Trick Room|p2a: Sinistcha\n|-fieldend|move: Trick Room\n|\n|upkeep\n|\n|t:|1734033021\n|switch|p1b: Indeedee|Indeedee-F, L50, F|81\/100\n|turn|4\n|inactive|mazamizo has 30 seconds left.\n|\n|t:|1734033050\n|switch|p2a: Incineroar|Incineroar, L50, M|100\/100\n|-ability|p2a: Incineroar|Intimidate|boost\n|-unboost|p1a: Armarouge|atk|1\n|-unboost|p1b: Indeedee|atk|1\n|move|p2b: Archaludon|Flash Cannon|p1a: Armarouge\n|-supereffective|p1a: Armarouge\n|-damage|p1a: Armarouge|2\/100\n|move|p1a: Armarouge|Armor Cannon|p2b: Archaludon\n|-supereffective|p2b: Archaludon\n|-damage|p2b: Archaludon|0 fnt\n|-unboost|p1a: Armarouge|def|1\n|-unboost|p1a: Armarouge|spd|1\n|faint|p2b: Archaludon\n|move|p1b: Indeedee|Trick Room|p1b: Indeedee\n|-fieldstart|move: Trick Room|[of] p1b: Indeedee\n|\n|upkeep\n|\n|t:|1734033062\n|switch|p2b: Sinistcha|Sinistcha, L50|84\/100\n|turn|5\n|\n|t:|1734033074\n|move|p1b: Indeedee|Follow Me|p1b: Indeedee\n|-singleturn|p1b: Indeedee|move: Follow Me\n|move|p1a: Armarouge|Expanding Force|p2b: Sinistcha|[spread] p2b\n|-immune|p2a: Incineroar\n|-crit|p2b: Sinistcha\n|-damage|p2b: Sinistcha|0 fnt\n|faint|p2b: Sinistcha\n|move|p2a: Incineroar|Parting Shot|p1b: Indeedee\n|-unboost|p1b: Indeedee|atk|1\n|-unboost|p1b: Indeedee|spa|1\n|\n|t:|1734033081\n|switch|p2a: Pelipper|Pelipper, L50, M|100\/100|[from] Parting Shot\n|-weather|RainDance|[from] ability: Drizzle|[of] p2a: Pelipper\n|\n|-weather|RainDance|[upkeep]\n|-fieldend|move: Psychic Terrain\n|upkeep\n|\n|t:|1734033082\n|switch|p2b: Incineroar|Incineroar, L50, M|100\/100\n|-ability|p2b: Incineroar|Intimidate|boost\n|-unboost|p1a: Armarouge|atk|1\n|-unboost|p1b: Indeedee|atk|1\n|turn|6\n|\n|t:|1734033095\n|move|p1a: Armarouge|Protect|p1a: Armarouge\n|-singleturn|p1a: Armarouge|Protect\n|move|p2b: Incineroar|Fake Out|p1a: Armarouge\n|-activate|p1a: Armarouge|move: Protect\n|move|p1b: Indeedee|Alluring Voice|p2a: Pelipper\n|-damage|p2a: Pelipper|79\/100\n|move|p2a: Pelipper|Muddy Water|p1b: Indeedee|[spread] p1b\n|-activate|p1a: Armarouge|move: Protect\n|-damage|p1b: Indeedee|39\/100\n|-unboost|p1b: Indeedee|accuracy|1\n|\n|-weather|RainDance|[upkeep]\n|upkeep\n|turn|7\n|\n|t:|1734033113\n|switch|p1b: Gallade|Gallade, L50, M|100\/100\n|move|p2a: Pelipper|Protect|p2a: Pelipper\n|-singleturn|p2a: Pelipper|Protect\n|move|p1a: Armarouge|Expanding Force|p2a: Pelipper\n|-activate|p2a: Pelipper|move: Protect\n|move|p2b: Incineroar|Knock Off|p1a: Armarouge\n|-resisted|p1a: Armarouge\n|-damage|p1a: Armarouge|0 fnt\n|faint|p1a: Armarouge\n|\n|-weather|RainDance|[upkeep]\n|upkeep\n|\n|t:|1734033119\n|switch|p1a: Indeedee|Indeedee-F, L50, F|39\/100\n|-fieldstart|move: Psychic Terrain|[from] ability: Psychic Surge|[of] p1a: Indeedee\n|turn|8\n|\n|t:|1734033150\n|move|p2a: Pelipper|Protect|p2a: Pelipper\n|-singleturn|p2a: Pelipper|Protect\n|move|p1a: Indeedee|Follow Me|p1a: Indeedee\n|-singleturn|p1a: Indeedee|move: Follow Me\n|move|p1b: Gallade|Psycho Cut|p2a: Pelipper\n|-activate|p2a: Pelipper|move: Protect\n|move|p2b: Incineroar|Knock Off|p1a: Indeedee\n|-supereffective|p1a: Indeedee\n|-damage|p1a: Indeedee|0 fnt\n|faint|p1a: Indeedee\n|\n|-weather|RainDance|[upkeep]\n|-fieldend|move: Trick Room\n|upkeep\n|turn|9\n|\n|t:|1734033156\n|move|p2a: Pelipper|Hurricane|p1b: Gallade\n|-supereffective|p1b: Gallade\n|-damage|p1b: Gallade|10\/100\n|-start|p1b: Gallade|confusion\n|move|p2b: Incineroar|Knock Off|p1b: Gallade\n|-damage|p1b: Gallade|0 fnt\n|-enditem|p1b: Gallade|Clear Amulet|[from] move: Knock Off|[of] p2b: Incineroar\n|faint|p1b: Gallade\n|\n|win|DragonairJordan23\n|raw|mazamizo's rating: 1703 &rarr; <strong>1684<\/strong><br \/>(-19 for losing)\n|raw|DragonairJordan23's rating: 1724 &rarr; <strong>1743<\/strong><br \/>(+19 for winning)\n|l|\u2606mazamizo\n|player|p1|\n|l|\u2606DragonairJordan23\n|player|p2|\n","uploadtime":1734033156,"views":9,"formatid":"gen9vgc2024regh","rating":1684,"private":0,"password":null}