{"id":"gen9vgc2024regh-2262273226","format":"[Gen 9] VGC 2024 Reg H","players":["Growth_my_word","yclin"],"log":"|j|\u2606Growth_my_word\n|j|\u2606yclin\n|t:|1734097924\n|gametype|doubles\n|player|p1|Growth_my_word|lady-gen4|1770\n|player|p2|yclin|101|1723\n|teamsize|p1|6\n|teamsize|p2|6\n|gen|9\n|tier|[Gen 9] VGC 2024 Reg H\n|rated|\n|rule|Species Clause: Limit one of each Pok\u00e9mon\n|rule|Item Clause: Limit 1 of each item\n|clearpoke\n|poke|p1|Archaludon, L50, F|\n|poke|p1|Ursaluna-Bloodmoon, L50, M|\n|poke|p1|Dragonite, L50, M|\n|poke|p1|Gholdengo, L50|\n|poke|p1|Incineroar, L50, M|\n|poke|p1|Ribombee, L50, F|\n|poke|p2|Indeedee-F, L50, F|\n|poke|p2|Gallade, L50, M|\n|poke|p2|Torkoal, L50, F|\n|poke|p2|Hatterene, L50, F|\n|poke|p2|Armarouge, L50, M|\n|poke|p2|Ursaluna-Bloodmoon, L50, M|\n|teampreview|4\n|inactive|Battle timer is ON: inactive players will automatically lose when time's up. (requested by yclin)\n|\n|t:|1734097964\n|start\n|switch|p1a: Gholdengo|Gholdengo, L50|100\/100\n|switch|p1b: Ursaluna|Ursaluna-Bloodmoon, L50, M|100\/100\n|switch|p2a: Gallade|Gallade, L50, M, shiny|100\/100\n|switch|p2b: Armarouge|Armarouge, L50, M|100\/100\n|turn|1\n|\n|t:|1734097981\n|-terastallize|p1b: Ursaluna|Water\n|move|p1a: Gholdengo|Shadow Ball|p2b: Armarouge\n|-supereffective|p2b: Armarouge\n|-damage|p2b: Armarouge|0 fnt\n|faint|p2b: Armarouge\n|move|p1b: Ursaluna|Hyper Voice|p2a: Gallade\n|-damage|p2a: Gallade|52\/100\n|move|p2a: Gallade|Trick Room|p2a: Gallade\n|-fieldstart|move: Trick Room|[of] p2a: Gallade\n|\n|upkeep\n|\n|t:|1734097998\n|switch|p2b: Hatterene|Hatterene, L50, F|100\/100\n|turn|2\n|inactive|yclin has 30 seconds left.\n|\n|t:|1734098025\n|switch|p2a: Indeedee|Indeedee-F, L50, F|100\/100\n|-fieldstart|move: Psychic Terrain|[from] ability: Psychic Surge|[of] p2a: Indeedee\n|-terastallize|p2b: Hatterene|Psychic\n|move|p2b: Hatterene|Expanding Force|p1b: Ursaluna|[spread] p1a,p1b\n|-resisted|p1a: Gholdengo\n|-damage|p1a: Gholdengo|33\/100\n|-damage|p1b: Ursaluna|19\/100\n|-damage|p2b: Hatterene|91\/100|[from] item: Life Orb\n|move|p1b: Ursaluna|Hyper Voice|p2a: Indeedee|[spread] p2a,p2b\n|-crit|p2a: Indeedee\n|-damage|p2a: Indeedee|49\/100\n|-damage|p2b: Hatterene|50\/100\n|move|p1a: Gholdengo|Shadow Ball|p2b: Hatterene\n|-supereffective|p2b: Hatterene\n|-damage|p2b: Hatterene|0 fnt\n|faint|p2b: Hatterene\n|\n|upkeep\n|\n|t:|1734098028\n|switch|p2b: Gallade|Gallade, L50, M, shiny|52\/100\n|turn|3\n|\n|t:|1734098049\n|switch|p1a: Incineroar|Incineroar, L50, M|100\/100\n|-ability|p1a: Incineroar|Intimidate|boost\n|-unboost|p2a: Indeedee|atk|1\n|-fail|p2b: Gallade|unboost|[from] item: Clear Amulet|[of] p2b: Gallade\n|move|p2a: Indeedee|Follow Me|p2a: Indeedee\n|-singleturn|p2a: Indeedee|move: Follow Me\n|move|p2b: Gallade|Psycho Cut|p1b: Ursaluna\n|-damage|p1b: Ursaluna|0 fnt\n|faint|p1b: Ursaluna\n|\n|upkeep\n|\n|t:|1734098059\n|switch|p1b: Gholdengo|Gholdengo, L50|33\/100\n|turn|4\n|\n|t:|1734098067\n|move|p2a: Indeedee|Follow Me|p2a: Indeedee\n|-singleturn|p2a: Indeedee|move: Follow Me\n|move|p2b: Gallade|Psycho Cut|p1b: Gholdengo\n|-resisted|p1b: Gholdengo\n|-damage|p1b: Gholdengo|0 fnt\n|faint|p1b: Gholdengo\n|move|p1a: Incineroar|Knock Off|p2a: Indeedee\n|-supereffective|p2a: Indeedee\n|-damage|p2a: Indeedee|0 fnt\n|-enditem|p2a: Indeedee|Safety Goggles|[from] move: Knock Off|[of] p1a: Incineroar\n|faint|p2a: Indeedee\n|\n|upkeep\n|\n|t:|1734098077\n|switch|p1b: Dragonite|Dragonite, L50, M|100\/100\n|turn|5\n|\n|t:|1734098085\n|move|p2b: Gallade|Sacred Sword|p1a: Incineroar\n|-supereffective|p1a: Incineroar\n|-damage|p1a: Incineroar|0 fnt\n|faint|p1a: Incineroar\n|move|p1b: Dragonite|Scale Shot|p2b: Gallade\n|-damage|p2b: Gallade|34\/100\n|-damage|p2b: Gallade|18\/100\n|-damage|p2b: Gallade|0 fnt\n|faint|p2b: Gallade\n|-hitcount|p2: Gallade|3\n|\n|win|Growth_my_word\n|raw|Growth_my_word's rating: 1770 &rarr; <strong>1787<\/strong><br \/>(+17 for winning)\n|raw|yclin's rating: 1723 &rarr; <strong>1706<\/strong><br \/>(-17 for losing)\n|l|\u2606yclin\n|player|p2|\n|l|\u2606Growth_my_word\n|player|p1|\n","uploadtime":1734098233,"views":16,"formatid":"gen9vgc2024regh","rating":1706,"private":0,"password":null}