{"id":"gen9vgc2024regh-2262051705","format":"[Gen 9] VGC 2024 Reg H","players":["Pr0xsome","Rgktest"],"log":"|j|\u2606Pr0xsome\n|j|\u2606Rgktest\n|t:|1734059055\n|gametype|doubles\n|player|p1|Pr0xsome|preschooler|1687\n|player|p2|Rgktest|266|1688\n|teamsize|p1|6\n|teamsize|p2|6\n|gen|9\n|tier|[Gen 9] VGC 2024 Reg H\n|rated|\n|rule|Species Clause: Limit one of each Pok\u00e9mon\n|rule|Item Clause: Limit 1 of each item\n|clearpoke\n|poke|p1|Basculegion, L50, M|\n|poke|p1|Pelipper, L50, F|\n|poke|p1|Archaludon, L50, F|\n|poke|p1|Electrode-Hisui, L50|\n|poke|p1|Annihilape, L50, F|\n|poke|p1|Incineroar, L50, M|\n|poke|p2|Arcanine-Hisui, L50, M|\n|poke|p2|Weezing, L50, M|\n|poke|p2|Porygon2, L50|\n|poke|p2|Weavile, L50, F|\n|poke|p2|Pawmot, L50, F|\n|poke|p2|Toedscruel, L50, M|\n|teampreview|4\n|\n|t:|1734059136\n|start\n|switch|p1a: Electrode|Electrode-Hisui, L50|100\/100\n|switch|p1b: Annihilape|Annihilape, L50, F|100\/100\n|switch|p2a: Funky Duck|Porygon2, L50|100\/100\n|switch|p2b: Speedwalker|Weavile, L50, F|100\/100\n|-ability|p2b: Speedwalker|Pressure\n|-ability|p2a: Funky Duck|Download|boost\n|-boost|p2a: Funky Duck|atk|1\n|turn|1\n|\n|t:|1734059162\n|switch|p1a: Archaludon|Archaludon, L50, F|100\/100\n|move|p2b: Speedwalker|Protect|p2b: Speedwalker\n|-singleturn|p2b: Speedwalker|Protect\n|move|p1b: Annihilape|Final Gambit|p2a: Funky Duck\n|-damage|p2a: Funky Duck|0 fnt\n|faint|p1b: Annihilape\n|faint|p2a: Funky Duck\n|\n|upkeep\n|\n|t:|1734059170\n|switch|p1b: Incineroar|Incineroar, L50, M|100\/100\n|switch|p2a: Adr. & Adr.|Weezing, L50, M|100\/100\n|-ability|p2a: Adr. & Adr.|Neutralizing Gas\n|turn|2\n|\n|t:|1734059180\n|switch|p2b: gbombsz|Toedscruel, L50, M|100\/100\n|move|p1b: Incineroar|Fake Out|p2a: Adr. & Adr.\n|-damage|p2a: Adr. & Adr.|92\/100\n|move|p1a: Archaludon|Flash Cannon|p2a: Adr. & Adr.\n|-damage|p2a: Adr. & Adr.|60\/100\n|cant|p2a: Adr. & Adr.|flinch\n|\n|upkeep\n|turn|3\n|\n|t:|1734059205\n|-terastallize|p1a: Archaludon|Grass\n|move|p2b: gbombsz|Earth Power|p1b: Incineroar\n|-supereffective|p1b: Incineroar\n|-damage|p1b: Incineroar|31\/100\n|-enditem|p1b: Incineroar|Sitrus Berry|[eat]\n|-heal|p1b: Incineroar|56\/100|[from] item: Sitrus Berry\n|-damage|p2b: gbombsz|91\/100|[from] item: Life Orb\n|move|p1a: Archaludon|Dragon Pulse|p2a: Adr. & Adr.\n|-damage|p2a: Adr. & Adr.|23\/100\n|-enditem|p2a: Adr. & Adr.|Sitrus Berry|[eat]\n|-heal|p2a: Adr. & Adr.|48\/100|[from] item: Sitrus Berry\n|move|p2a: Adr. & Adr.|Sludge Bomb|p1b: Incineroar\n|-damage|p1b: Incineroar|37\/100\n|move|p1b: Incineroar|Knock Off|p2a: Adr. & Adr.\n|-damage|p2a: Adr. & Adr.|25\/100\n|\n|upkeep\n|turn|4\n|\n|t:|1734059278\n|switch|p1b: Electrode|Electrode-Hisui, L50|100\/100\n|move|p2b: gbombsz|Earth Power|p1b: Electrode\n|-damage|p1b: Electrode|35\/100\n|-damage|p2b: gbombsz|81\/100|[from] item: Life Orb\n|move|p1a: Archaludon|Flash Cannon|p2a: Adr. & Adr.\n|-damage|p2a: Adr. & Adr.|0 fnt\n|faint|p2a: Adr. & Adr.\n|-end|p2a: Adr. & Adr.|ability: Neutralizing Gas\n|\n|upkeep\n|\n|t:|1734059286\n|switch|p2a: Speedwalker|Weavile, L50, F|100\/100\n|-ability|p2a: Speedwalker|Pressure\n|turn|5\n|\n|t:|1734059299\n|-terastallize|p2a: Speedwalker|Stellar\n|move|p1b: Electrode|Electroweb|p2a: Speedwalker|[spread] p2a\n|-immune|p2b: gbombsz\n|-damage|p2a: Speedwalker|82\/100\n|-unboost|p2a: Speedwalker|spe|1\n|move|p2b: gbombsz|Earth Power|p1b: Electrode\n|-damage|p1b: Electrode|0 fnt\n|faint|p1b: Electrode\n|-damage|p2b: gbombsz|72\/100|[from] item: Life Orb\n|move|p2a: Speedwalker|Triple Axel|p1a: Archaludon\n|-supereffective|p1a: Archaludon\n|-damage|p1a: Archaludon|84\/100\n|-ability|p1a: Archaludon|Stamina|boost\n|-boost|p1a: Archaludon|def|1\n|-supereffective|p1a: Archaludon\n|-damage|p1a: Archaludon|59\/100\n|-ability|p1a: Archaludon|Stamina|boost\n|-boost|p1a: Archaludon|def|1\n|-supereffective|p1a: Archaludon\n|-damage|p1a: Archaludon|33\/100\n|-ability|p1a: Archaludon|Stamina|boost\n|-boost|p1a: Archaludon|def|1\n|-hitcount|p1a: Archaludon|3\n|move|p1a: Archaludon|Body Press|p2a: Speedwalker\n|-supereffective|p2a: Speedwalker\n|-damage|p2a: Speedwalker|0 fnt\n|faint|p2a: Speedwalker\n|\n|upkeep\n|\n|t:|1734059307\n|switch|p1b: Incineroar|Incineroar, L50, M|37\/100\n|-ability|p1b: Incineroar|Intimidate|boost\n|-unboost|p2b: gbombsz|atk|1\n|turn|6\n|\n|t:|1734059329\n|move|p1b: Incineroar|Fake Out|p2b: gbombsz\n|-damage|p2b: gbombsz|56\/100\n|cant|p2b: gbombsz|flinch\n|move|p1a: Archaludon|Body Press|p2b: gbombsz\n|-damage|p2b: gbombsz|0 fnt\n|faint|p2b: gbombsz\n|\n|win|Pr0xsome\n|raw|Pr0xsome's rating: 1687 &rarr; <strong>1707<\/strong><br \/>(+20 for winning)\n|raw|Rgktest's rating: 1688 &rarr; <strong>1668<\/strong><br \/>(-20 for losing)\n|l|\u2606Rgktest\n|player|p2|\n|l|\u2606Pr0xsome\n|player|p1|\n","uploadtime":1734059517,"views":15,"formatid":"gen9vgc2024regh","rating":1668,"private":0,"password":null}