{"id":"gen9vgc2024regh-2262276327","format":"[Gen 9] VGC 2024 Reg H","players":["Prometheus756","Diavolomon"],"log":"|j|\u2606Prometheus756\n|j|\u2606Diavolomon\n|t:|1734098304\n|gametype|doubles\n|player|p1|Prometheus756|gentleman-gen4dp|1672\n|player|p2|Diavolomon|steven|1693\n|teamsize|p1|6\n|teamsize|p2|6\n|gen|9\n|tier|[Gen 9] VGC 2024 Reg H\n|rated|\n|rule|Species Clause: Limit one of each Pok\u00e9mon\n|rule|Item Clause: Limit 1 of each item\n|clearpoke\n|poke|p1|Sableye, L50, M|\n|poke|p1|Amoonguss, L50, F|\n|poke|p1|Archaludon, L50, F|\n|poke|p1|Rillaboom, L50, F|\n|poke|p1|Pelipper, L50, M|\n|poke|p1|Dusclops, L50, M|\n|poke|p2|Pelipper, L50, F|\n|poke|p2|Archaludon, L50, F|\n|poke|p2|Basculegion, L50, M|\n|poke|p2|Whimsicott, L50, M|\n|poke|p2|Gholdengo, L50|\n|poke|p2|Dragonite, L50, F|\n|teampreview|4\n|\n|t:|1734098345\n|start\n|switch|p1a: Sableye|Sableye, L50, M|100\/100\n|switch|p1b: Archaludon|Archaludon, L50, F|100\/100\n|switch|p2a: Dragonite|Dragonite, L50, F, shiny|100\/100\n|switch|p2b: Gholdengo|Gholdengo, L50, shiny|100\/100\n|turn|1\n|inactive|Battle timer is ON: inactive players will automatically lose when time's up. (requested by Prometheus756)\n|\n|t:|1734098364\n|move|p1a: Sableye|Will-O-Wisp|p2a: Dragonite\n|-status|p2a: Dragonite|brn\n|move|p2a: Dragonite|Scale Shot|p1a: Sableye\n|-damage|p1a: Sableye|91\/100\n|-damage|p1a: Sableye|81\/100\n|-damage|p1a: Sableye|71\/100\n|-damage|p1a: Sableye|60\/100\n|-damage|p1a: Sableye|50\/100\n|-hitcount|p1a: Sableye|5\n|-unboost|p2a: Dragonite|def|1\n|-boost|p2a: Dragonite|spe|1\n|move|p1b: Archaludon|Snarl|p2a: Dragonite|[spread] p2a,p2b\n|-supereffective|p2b: Gholdengo\n|-damage|p2a: Dragonite|95\/100 brn\n|-damage|p2b: Gholdengo|75\/100\n|-unboost|p2a: Dragonite|spa|1\n|-unboost|p2b: Gholdengo|spa|1\n|move|p2b: Gholdengo|Shadow Ball|p1a: Sableye\n|-damage|p1a: Sableye|0 fnt\n|faint|p1a: Sableye\n|\n|-damage|p2a: Dragonite|89\/100 brn|[from] brn\n|upkeep\n|\n|t:|1734098385\n|switch|p1a: Rillaboom|Rillaboom, L50, F|100\/100\n|-fieldstart|move: Grassy Terrain|[from] ability: Grassy Surge|[of] p1a: Rillaboom\n|turn|2\n|\n|t:|1734098407\n|move|p2a: Dragonite|Scale Shot|p1a: Rillaboom|[miss]\n|-miss|p2a: Dragonite|p1a: Rillaboom\n|move|p1a: Rillaboom|Bullet Seed|p1b: Archaludon\n|-resisted|p1b: Archaludon\n|-damage|p1b: Archaludon|98\/100\n|-ability|p1b: Archaludon|Stamina|boost\n|-boost|p1b: Archaludon|def|1\n|-resisted|p1b: Archaludon\n|-damage|p1b: Archaludon|96\/100\n|-ability|p1b: Archaludon|Stamina|boost\n|-boost|p1b: Archaludon|def|1\n|-resisted|p1b: Archaludon\n|-damage|p1b: Archaludon|94\/100\n|-ability|p1b: Archaludon|Stamina|boost\n|-boost|p1b: Archaludon|def|1\n|-resisted|p1b: Archaludon\n|-damage|p1b: Archaludon|93\/100\n|-ability|p1b: Archaludon|Stamina|boost\n|-boost|p1b: Archaludon|def|1\n|-resisted|p1b: Archaludon\n|-damage|p1b: Archaludon|92\/100\n|-ability|p1b: Archaludon|Stamina|boost\n|-boost|p1b: Archaludon|def|1\n|-hitcount|p1b: Archaludon|5\n|move|p1b: Archaludon|Snarl|p2b: Gholdengo|[spread] p2a,p2b\n|-supereffective|p2b: Gholdengo\n|-damage|p2a: Dragonite|77\/100 brn\n|-damage|p2b: Gholdengo|48\/100\n|-unboost|p2a: Dragonite|spa|1\n|-unboost|p2b: Gholdengo|spa|1\n|move|p2b: Gholdengo|Shadow Ball|p1a: Rillaboom\n|-damage|p1a: Rillaboom|49\/100\n|\n|-heal|p1a: Rillaboom|55\/100|[from] Grassy Terrain\n|-heal|p1b: Archaludon|98\/100|[from] Grassy Terrain\n|-heal|p2b: Gholdengo|54\/100|[from] Grassy Terrain\n|-damage|p2a: Dragonite|71\/100 brn|[from] brn\n|upkeep\n|turn|3\n|inactive|Prometheus756 has 30 seconds left.\n|inactive|Diavolomon has 30 seconds left.\n|\n|t:|1734098442\n|switch|p1a: Pelipper|Pelipper, L50, M|100\/100\n|-weather|RainDance|[from] ability: Drizzle|[of] p1a: Pelipper\n|move|p2a: Dragonite|Haze|p2a: Dragonite\n|-clearallboost\n|move|p1b: Archaludon|Electro Shot||[still]\n|-prepare|p1b: Archaludon|Electro Shot\n|-boost|p1b: Archaludon|spa|1\n|-anim|p1b: Archaludon|Electro Shot|p2b: Gholdengo\n|-damage|p2b: Gholdengo|0 fnt\n|faint|p2b: Gholdengo\n|\n|-weather|RainDance|[upkeep]\n|-heal|p1b: Archaludon|100\/100|[from] Grassy Terrain\n|-damage|p2a: Dragonite|65\/100 brn|[from] brn\n|upkeep\n|\n|t:|1734098460\n|switch|p2b: Archaludon|Archaludon, L50, F, shiny|100\/100\n|turn|4\n|inactive|Prometheus756 has 30 seconds left.\n|\n|t:|1734098494\n|move|p2b: Archaludon|Electro Shot||[still]\n|-prepare|p2b: Archaludon|Electro Shot\n|-boost|p2b: Archaludon|spa|1\n|-anim|p2b: Archaludon|Electro Shot|p1a: Pelipper\n|-supereffective|p1a: Pelipper\n|-damage|p1a: Pelipper|0 fnt\n|faint|p1a: Pelipper\n|move|p2a: Dragonite|Scale Shot|p1b: Archaludon\n|-damage|p1b: Archaludon|95\/100\n|-ability|p1b: Archaludon|Stamina|boost\n|-boost|p1b: Archaludon|def|1\n|-damage|p1b: Archaludon|92\/100\n|-ability|p1b: Archaludon|Stamina|boost\n|-boost|p1b: Archaludon|def|1\n|-damage|p1b: Archaludon|89\/100\n|-ability|p1b: Archaludon|Stamina|boost\n|-boost|p1b: Archaludon|def|1\n|-damage|p1b: Archaludon|88\/100\n|-ability|p1b: Archaludon|Stamina|boost\n|-boost|p1b: Archaludon|def|1\n|-hitcount|p1b: Archaludon|4\n|-unboost|p2a: Dragonite|def|1\n|-boost|p2a: Dragonite|spe|1\n|move|p1b: Archaludon|Draco Meteor|p2b: Archaludon\n|-ability|p2b: Archaludon|Sturdy\n|-damage|p2b: Archaludon|1\/100\n|-unboost|p1b: Archaludon|spa|2\n|\n|-weather|RainDance|[upkeep]\n|-heal|p2b: Archaludon|7\/100|[from] Grassy Terrain\n|-heal|p1b: Archaludon|94\/100|[from] Grassy Terrain\n|-damage|p2a: Dragonite|59\/100 brn|[from] brn\n|upkeep\n|\n|t:|1734098504\n|switch|p1a: Rillaboom|Rillaboom, L50, F|55\/100\n|turn|5\n|inactive|Diavolomon has 30 seconds left.\n|inactive|Diavolomon has 20 seconds left.\n|inactive|Diavolomon has 15 seconds left.\n|inactive|Diavolomon has 10 seconds left.\n|\n|t:|1734098554\n|move|p2b: Archaludon|Protect|p2b: Archaludon\n|-singleturn|p2b: Archaludon|Protect\n|move|p1a: Rillaboom|Fake Out|p2b: Archaludon\n|-activate|p2b: Archaludon|move: Protect\n|move|p2a: Dragonite|Scale Shot|p1a: Rillaboom|[miss]\n|-miss|p2a: Dragonite|p1a: Rillaboom\n|move|p1b: Archaludon|Electro Shot||[still]\n|-prepare|p1b: Archaludon|Electro Shot\n|-boost|p1b: Archaludon|spa|1\n|-anim|p1b: Archaludon|Electro Shot|p2a: Dragonite\n|-damage|p2a: Dragonite|19\/100 brn\n|\n|-weather|RainDance|[upkeep]\n|-heal|p1a: Rillaboom|60\/100|[from] Grassy Terrain\n|-heal|p2b: Archaludon|13\/100|[from] Grassy Terrain\n|-heal|p1b: Archaludon|99\/100|[from] Grassy Terrain\n|-damage|p2a: Dragonite|13\/100 brn|[from] brn\n|upkeep\n|turn|6\n|inactive|Prometheus756 has 30 seconds left.\n|inactive|Diavolomon has 30 seconds left.\n|\n|t:|1734098583\n|-terastallize|p2b: Archaludon|Stellar\n|move|p2a: Dragonite|Scale Shot|p1a: Rillaboom\n|-damage|p1a: Rillaboom|52\/100\n|-damage|p1a: Rillaboom|43\/100\n|-damage|p1a: Rillaboom|34\/100\n|-damage|p1a: Rillaboom|26\/100\n|-hitcount|p1a: Rillaboom|4\n|-unboost|p2a: Dragonite|def|1\n|-boost|p2a: Dragonite|spe|1\n|move|p1a: Rillaboom|High Horsepower|p2b: Archaludon\n|-supereffective|p2b: Archaludon\n|-damage|p2b: Archaludon|0 fnt\n|faint|p2b: Archaludon\n|move|p1b: Archaludon|Snarl|p2a: Dragonite\n|-damage|p2a: Dragonite|0 fnt\n|faint|p2a: Dragonite\n|\n|-weather|RainDance|[upkeep]\n|-heal|p1a: Rillaboom|32\/100|[from] Grassy Terrain\n|-heal|p1b: Archaludon|100\/100|[from] Grassy Terrain\n|-fieldend|move: Grassy Terrain\n|upkeep\n|inactive|Diavolomon has 30 seconds left.\n|\n|t:|1734098616\n|switch|p2a: Basculegion|Basculegion, L50, M, shiny|100\/100\n|turn|7\n|\n|t:|1734098627\n|move|p2a: Basculegion|Aqua Jet|p1a: Rillaboom\n|-resisted|p1a: Rillaboom\n|-damage|p1a: Rillaboom|6\/100\n|move|p1a: Rillaboom|Bullet Seed|p2a: Basculegion\n|-supereffective|p2a: Basculegion\n|-damage|p2a: Basculegion|70\/100\n|-supereffective|p2a: Basculegion\n|-damage|p2a: Basculegion|36\/100\n|-supereffective|p2a: Basculegion\n|-damage|p2a: Basculegion|6\/100\n|-supereffective|p2a: Basculegion\n|-damage|p2a: Basculegion|0 fnt\n|faint|p2a: Basculegion\n|-hitcount|p2: Basculegion|4\n|\n|win|Prometheus756\n|raw|Prometheus756's rating: 1672 &rarr; <strong>1693<\/strong><br \/>(+21 for winning)\n|raw|Diavolomon's rating: 1693 &rarr; <strong>1672<\/strong><br \/>(-21 for losing)\n|c|\u2606Prometheus756|Gg\n|l|\u2606Diavolomon\n|player|p2|\n|l|\u2606Prometheus756\n|player|p1|\n","uploadtime":1734098783,"views":6,"formatid":"gen9vgc2024regh","rating":1672,"private":0,"password":null}