{"id":"gen9vgc2024regh-2262812659","format":"[Gen 9] VGC 2024 Reg H","players":["Bef6","happypalucky"],"log":"|j|\u2606Bef6\n|j|\u2606happypalucky\n|t:|1734172926\n|gametype|doubles\n|player|p1|Bef6|lucas|1682\n|player|p2|happypalucky|170|1773\n|teamsize|p1|6\n|teamsize|p2|6\n|gen|9\n|tier|[Gen 9] VGC 2024 Reg H\n|rated|\n|rule|Species Clause: Limit one of each Pok\u00e9mon\n|rule|Item Clause: Limit 1 of each item\n|clearpoke\n|poke|p1|Archaludon, L50, M|\n|poke|p1|Pelipper, L50, F|\n|poke|p1|Annihilape, L50, M|\n|poke|p1|Grimmsnarl, L50, M|\n|poke|p1|Sinistcha, L50|\n|poke|p1|Ursaluna, L50, M|\n|poke|p2|Talonflame, L50, M|\n|poke|p2|Sneasler, L50, M|\n|poke|p2|Indeedee, L50, M|\n|poke|p2|Milotic, L50, M|\n|poke|p2|Ursaluna-Bloodmoon, L50, M|\n|poke|p2|Archaludon, L50, F|\n|teampreview|4\nBef6 has agreed to open team sheets.\n|\n|t:|1734172993\n|start\n|switch|p1a: Grimmsnarl|Grimmsnarl, L50, M|100\/100\n|switch|p1b: Archaludon|Archaludon, L50, M|100\/100\n|switch|p2a: Talonflame|Talonflame, L50, M|100\/100\n|switch|p2b: Ursaluna|Ursaluna-Bloodmoon, L50, M|100\/100\n|turn|1\n|\n|t:|1734173011\n|move|p1a: Grimmsnarl|Light Screen|p1a: Grimmsnarl\n|-sidestart|p1: Bef6|move: Light Screen\n|move|p2a: Talonflame|Taunt|p1a: Grimmsnarl\n|-start|p1a: Grimmsnarl|move: Taunt\n|move|p2b: Ursaluna|Earth Power|p1b: Archaludon\n|-supereffective|p1b: Archaludon\n|-damage|p1b: Archaludon|61\/100\n|-ability|p1b: Archaludon|Stamina|boost\n|-boost|p1b: Archaludon|def|1\n|move|p1b: Archaludon|Body Press|p2b: Ursaluna\n|-supereffective|p2b: Ursaluna\n|-damage|p2b: Ursaluna|34\/100\n|\n|upkeep\n|turn|2\n|\n|t:|1734173043\n|-terastallize|p2b: Ursaluna|Poison\n|move|p2a: Talonflame|Brave Bird|p1a: Grimmsnarl\n|-damage|p1a: Grimmsnarl|48\/100\n|-damage|p2a: Talonflame|78\/100|[from] Recoil\n|move|p2b: Ursaluna|Blood Moon|p1a: Grimmsnarl\n|-damage|p1a: Grimmsnarl|5\/100\n|move|p1b: Archaludon|Body Press|p2b: Ursaluna\n|-resisted|p2b: Ursaluna\n|-damage|p2b: Ursaluna|19\/100\n|move|p1a: Grimmsnarl|Spirit Break|p2a: Talonflame\n|-resisted|p2a: Talonflame\n|-damage|p2a: Talonflame|57\/100\n|\n|upkeep\n|turn|3\n|\n|t:|1734173112\n|move|p2a: Talonflame|Brave Bird|p1a: Grimmsnarl\n|-damage|p1a: Grimmsnarl|0 fnt\n|faint|p1a: Grimmsnarl\n|-damage|p2a: Talonflame|55\/100|[from] Recoil\n|move|p2b: Ursaluna|Earth Power|p1b: Archaludon\n|-supereffective|p1b: Archaludon\n|-damage|p1b: Archaludon|18\/100\n|-ability|p1b: Archaludon|Stamina|boost\n|-boost|p1b: Archaludon|def|1\n|move|p1b: Archaludon|Body Press|p2b: Ursaluna\n|-resisted|p2b: Ursaluna\n|-damage|p2b: Ursaluna|0 fnt\n|faint|p2b: Ursaluna\n|\n|upkeep\n|\n|t:|1734173130\n|switch|p2b: Indeedee|Indeedee, L50, M|100\/100\n|switch|p1a: Sinistcha|Sinistcha, L50|100\/100\n|-fieldstart|move: Psychic Terrain|[from] ability: Psychic Surge|[of] p2b: Indeedee\n|-heal|p1b: Archaludon|43\/100|[from] ability: Hospitality|[of] p1a: Sinistcha\n|turn|4\n|\n|t:|1734173169\n|move|p2a: Talonflame|Taunt|p1a: Sinistcha\n|-start|p1a: Sinistcha|move: Taunt\n|move|p2b: Indeedee|Expanding Force|p1a: Sinistcha|[spread] p1a,p1b\n|-resisted|p1b: Archaludon\n|-damage|p1a: Sinistcha|68\/100\n|-damage|p1b: Archaludon|31\/100\n|-ability|p1b: Archaludon|Stamina|boost\n|-boost|p1b: Archaludon|def|1\n|move|p1b: Archaludon|Body Press|p2b: Indeedee\n|-enditem|p2b: Indeedee|Focus Sash\n|-damage|p2b: Indeedee|1\/100\n|move|p1a: Sinistcha|Matcha Gotcha|p2a: Talonflame|[spread] p2b\n|-miss|p1a: Sinistcha|p2a: Talonflame\n|-damage|p2b: Indeedee|0 fnt\n|-heal|p1a: Sinistcha|68\/100|[from] drain|[of] p2b: Indeedee\n|faint|p2b: Indeedee\n|\n|upkeep\n|\n|t:|1734173188\n|switch|p2b: Sneasler|Sneasler, L50, M|100\/100\n|-enditem|p2b: Sneasler|Psychic Seed\n|-boost|p2b: Sneasler|spd|1|[from] item: Psychic Seed\n|turn|5\n|\n|t:|1734173204\n|switch|p1a: Ursaluna|Ursaluna, L50, M|100\/100\n|move|p2b: Sneasler|Close Combat|p1b: Archaludon\n|-supereffective|p1b: Archaludon\n|-damage|p1b: Archaludon|0 fnt\n|-unboost|p2b: Sneasler|def|1\n|-unboost|p2b: Sneasler|spd|1\n|faint|p1b: Archaludon\n|move|p2a: Talonflame|Brave Bird|p1a: Ursaluna\n|-damage|p1a: Ursaluna|65\/100\n|-damage|p2a: Talonflame|38\/100|[from] Recoil\n|\n|-status|p1a: Ursaluna|brn|[from] item: Flame Orb\n|upkeep\n|\n|t:|1734173210\n|switch|p1b: Sinistcha|Sinistcha, L50|68\/100\n|-heal|p1a: Ursaluna|90\/100 brn|[from] ability: Hospitality|[of] p1b: Sinistcha\n|turn|6\n|\n|t:|1734173230\n|move|p2b: Sneasler|Protect|p2b: Sneasler\n|-singleturn|p2b: Sneasler|Protect\n|move|p1b: Sinistcha|Rage Powder|p1b: Sinistcha\n|-singleturn|p1b: Sinistcha|move: Rage Powder\n|move|p2a: Talonflame|Brave Bird|p1b: Sinistcha\n|-supereffective|p1b: Sinistcha\n|-damage|p1b: Sinistcha|0 fnt\n|faint|p1b: Sinistcha\n|-damage|p2a: Talonflame|14\/100|[from] Recoil\n|move|p1a: Ursaluna|Facade|p2a: Talonflame\n|-damage|p2a: Talonflame|0 fnt\n|faint|p2a: Talonflame\n|\n|-damage|p1a: Ursaluna|84\/100 brn|[from] brn\n|upkeep\n|turn|7\n|\n|t:|1734173249\n|-terastallize|p1a: Ursaluna|Ghost\n|move|p2b: Sneasler|Close Combat|p1a: Ursaluna\n|-immune|p1a: Ursaluna\n|move|p1a: Ursaluna|Facade|p2b: Sneasler\n|-damage|p2b: Sneasler|0 fnt\n|faint|p2b: Sneasler\n|\n|win|Bef6\n|raw|Bef6's rating: 1682 &rarr; <strong>1707<\/strong><br \/>(+25 for winning)\n|raw|happypalucky's rating: 1773 &rarr; <strong>1748<\/strong><br \/>(-25 for losing)\n|l|\u2606Bef6\n|player|p1|\n|l|\u2606happypalucky\n|player|p2|\n","uploadtime":1734173429,"views":10,"formatid":"gen9vgc2024regh","rating":1707,"private":0,"password":null}