{"id":"gen9vgc2024regh-2262232684","format":"[Gen 9] VGC 2024 Reg H","players":["BigLewsBadBattling","dunblas"],"log":"|j|\u2606BigLewsBadBattling\n|j|\u2606dunblas\n|t:|1734092296\n|gametype|doubles\n|player|p1|BigLewsBadBattling|pokemonranger-gen4|1678\n|player|p2|dunblas|266|1694\n|teamsize|p1|6\n|teamsize|p2|6\n|gen|9\n|tier|[Gen 9] VGC 2024 Reg H\n|rated|\n|rule|Species Clause: Limit one of each Pok\u00e9mon\n|rule|Item Clause: Limit 1 of each item\n|clearpoke\n|poke|p1|Chandelure, L50, F|\n|poke|p1|Archaludon, L50, M|\n|poke|p1|Grimmsnarl, L50, M|\n|poke|p1|Annihilape, L50, M|\n|poke|p1|Rillaboom, L50, M|\n|poke|p1|Farigiraf, L50, F|\n|poke|p2|Indeedee, L50, M|\n|poke|p2|Sneasler, L50, F|\n|poke|p2|Excadrill, L50, M|\n|poke|p2|Magmar, L50, F|\n|poke|p2|Corviknight, L50, F|\n|poke|p2|Tyranitar, L50, M|\n|teampreview|4\n|inactive|Battle timer is ON: inactive players will automatically lose when time's up. (requested by dunblas)\n|inactive|BigLewsBadBattling has 60 seconds left.\n|\n|t:|1734092342\n|start\n|switch|p1a: Rillaboom|Rillaboom, L50, M|100\/100\n|switch|p1b: Farigiraf|Farigiraf, L50, F|100\/100\n|switch|p2a: Tyranitar|Tyranitar, L50, M|100\/100\n|switch|p2b: Sneasler|Sneasler, L50, F|100\/100\n|-fieldstart|move: Grassy Terrain|[from] ability: Grassy Surge|[of] p1a: Rillaboom\n|-enditem|p1a: Rillaboom|Grassy Seed\n|-boost|p1a: Rillaboom|def|1|[from] item: Grassy Seed\n|-weather|Sandstorm|[from] ability: Sand Stream|[of] p2a: Tyranitar\n|turn|1\n|inactive|dunblas has 30 seconds left.\n|\n|t:|1734092376\n|switch|p2a: Indeedee|Indeedee, L50, M|100\/100\n|-fieldstart|move: Psychic Terrain|[from] ability: Psychic Surge|[of] p2a: Indeedee\n|-terastallize|p1b: Farigiraf|Ground\n|move|p1a: Rillaboom|Fake Out|p2b: Sneasler\n|-activate|p2b: Sneasler|move: Psychic Terrain\n|move|p2b: Sneasler|Dire Claw|p1a: Rillaboom\n|-supereffective|p1a: Rillaboom\n|-damage|p1a: Rillaboom|48\/100\n|move|p1b: Farigiraf|Trick Room|p1b: Farigiraf\n|-fieldstart|move: Trick Room|[of] p1b: Farigiraf\n|\n|-weather|Sandstorm|[upkeep]\n|-damage|p1a: Rillaboom|42\/100|[from] Sandstorm\n|-damage|p2b: Sneasler|95\/100|[from] Sandstorm\n|-damage|p2a: Indeedee|95\/100|[from] Sandstorm\n|upkeep\n|turn|2\n|inactive|dunblas has 30 seconds left.\n|\n|t:|1734092409\n|move|p1b: Farigiraf|Twin Beam|p2b: Sneasler\n|-supereffective|p2b: Sneasler\n|-damage|p2b: Sneasler|0 fnt\n|faint|p2b: Sneasler\n|-hitcount|p2: Sneasler|1\n|move|p1a: Rillaboom|Wood Hammer|p2a: Indeedee\n|-damage|p2a: Indeedee|0 fnt\n|faint|p2a: Indeedee\n|-damage|p1a: Rillaboom|18\/100|[from] Recoil\n|\n|-weather|Sandstorm|[upkeep]\n|-damage|p1a: Rillaboom|12\/100|[from] Sandstorm\n|upkeep\n|\n|t:|1734092423\n|switch|p2a: Excadrill|Excadrill, L50, M|100\/100\n|switch|p2b: Tyranitar|Tyranitar, L50, M|100\/100\n|turn|3\n|\n|t:|1734092447\n|-terastallize|p2b: Tyranitar|Flying\n|move|p1b: Farigiraf|Protect|p1b: Farigiraf\n|-singleturn|p1b: Farigiraf|Protect\n|move|p2b: Tyranitar|Low Kick|p1b: Farigiraf\n|-activate|p1b: Farigiraf|move: Protect\n|move|p1a: Rillaboom|Wood Hammer|p2b: Tyranitar\n|-resisted|p2b: Tyranitar\n|-damage|p2b: Tyranitar|74\/100\n|-damage|p1a: Rillaboom|2\/100|[from] Recoil\n|move|p2a: Excadrill|Earthquake|p1a: Rillaboom|[spread] p1a\n|-activate|p1b: Farigiraf|move: Protect\n|-immune|p2b: Tyranitar\n|-resisted|p1a: Rillaboom\n|-crit|p1a: Rillaboom\n|-damage|p1a: Rillaboom|0 fnt\n|faint|p1a: Rillaboom\n|\n|-weather|Sandstorm|[upkeep]\n|-damage|p2b: Tyranitar|69\/100|[from] Sandstorm\n|upkeep\n|\n|t:|1734092467\n|switch|p1a: Grimmsnarl|Grimmsnarl, L50, M|100\/100\n|turn|4\n|inactive|dunblas has 30 seconds left.\n|\n|t:|1734092497\n|move|p2a: Excadrill|Protect|p2a: Excadrill\n|-singleturn|p2a: Excadrill|Protect\n|move|p1a: Grimmsnarl|Reflect|p1a: Grimmsnarl\n|-sidestart|p1: BigLewsBadBattling|Reflect\n|move|p1b: Farigiraf|Twin Beam|p2b: Tyranitar\n|-damage|p2b: Tyranitar|54\/100\n|-damage|p2b: Tyranitar|40\/100\n|-hitcount|p2b: Tyranitar|2\n|move|p2b: Tyranitar|Rock Slide|p1a: Grimmsnarl|[spread] p1a,p1b\n|-crit|p1a: Grimmsnarl\n|-resisted|p1b: Farigiraf\n|-damage|p1a: Grimmsnarl|51\/100\n|-damage|p1b: Farigiraf|89\/100\n|\n|-weather|Sandstorm|[upkeep]\n|-damage|p1a: Grimmsnarl|46\/100|[from] Sandstorm\n|-damage|p2b: Tyranitar|34\/100|[from] Sandstorm\n|upkeep\n|turn|5\n|inactive|BigLewsBadBattling has 30 seconds left.\n|\n|t:|1734092529\n|move|p2a: Excadrill|Protect||[still]\n|-fail|p2a: Excadrill\n|move|p1b: Farigiraf|Hyper Voice|p2a: Excadrill|[spread] p2a,p2b\n|-resisted|p2a: Excadrill\n|-crit|p2a: Excadrill\n|-damage|p2a: Excadrill|72\/100\n|-damage|p2b: Tyranitar|14\/100\n|move|p1a: Grimmsnarl|Spirit Break|p2b: Tyranitar\n|-damage|p2b: Tyranitar|0 fnt\n|faint|p2b: Tyranitar\n|\n|-weather|none\n|-fieldend|move: Trick Room\n|-fieldend|move: Psychic Terrain\n|upkeep\n|turn|6\n|\n|t:|1734092546\n|move|p2a: Excadrill|Earthquake|p1b: Farigiraf|[spread] p1a,p1b\n|-damage|p1a: Grimmsnarl|11\/100\n|-damage|p1b: Farigiraf|62\/100\n|move|p1a: Grimmsnarl|Spirit Break|p2a: Excadrill\n|-resisted|p2a: Excadrill\n|-damage|p2a: Excadrill|51\/100\n|-unboost|p2a: Excadrill|spa|1\n|move|p1b: Farigiraf|Hyper Voice|p2a: Excadrill\n|-resisted|p2a: Excadrill\n|-damage|p2a: Excadrill|21\/100\n|\n|upkeep\n|turn|7\n|\n|t:|1734092564\n|move|p2a: Excadrill|Earthquake|p1b: Farigiraf|[spread] p1a,p1b\n|-damage|p1a: Grimmsnarl|0 fnt\n|-damage|p1b: Farigiraf|31\/100\n|faint|p1a: Grimmsnarl\n|move|p1b: Farigiraf|Hyper Voice|p2a: Excadrill\n|-resisted|p2a: Excadrill\n|-damage|p2a: Excadrill|0 fnt\n|faint|p2a: Excadrill\n|\n|win|BigLewsBadBattling\n|raw|BigLewsBadBattling's rating: 1678 &rarr; <strong>1699<\/strong><br \/>(+21 for winning)\n|raw|dunblas's rating: 1694 &rarr; <strong>1673<\/strong><br \/>(-21 for losing)\n|l|\u2606dunblas\n|player|p2|\n|c|\u2606BigLewsBadBattling|gg\n|l|\u2606BigLewsBadBattling\n|player|p1|\n","uploadtime":1734092817,"views":8,"formatid":"gen9vgc2024regh","rating":1673,"private":0,"password":null}