{"id":"gen9vgc2024regh-2262279446","format":"[Gen 9] VGC 2024 Reg H","players":["Archimedes75","Prometheus756"],"log":"|j|\u2606Archimedes75\n|j|\u2606Prometheus756\n|t:|1734098681\n|gametype|doubles\n|player|p1|Archimedes75|unknown|1690\n|player|p2|Prometheus756|gentleman-gen4dp|1693\n|teamsize|p1|6\n|teamsize|p2|6\n|gen|9\n|tier|[Gen 9] VGC 2024 Reg H\n|rated|\n|rule|Species Clause: Limit one of each Pok\u00e9mon\n|rule|Item Clause: Limit 1 of each item\n|clearpoke\n|poke|p1|Tinkaton, L50, F|\n|poke|p1|Dragonite, L50, F|\n|poke|p1|Archaludon, L50, F|\n|poke|p1|Pelipper, L50, M|\n|poke|p1|Tauros-Paldea-Aqua, L50, M|\n|poke|p1|Amoonguss, L50, M|\n|poke|p2|Sableye, L50, M|\n|poke|p2|Amoonguss, L50, M|\n|poke|p2|Archaludon, L50, M|\n|poke|p2|Rillaboom, L50, M|\n|poke|p2|Pelipper, L50, F|\n|poke|p2|Dusclops, L50, M|\n|teampreview|4\n|inactive|Battle timer is ON: inactive players will automatically lose when time's up. (requested by Archimedes75)\n|inactive|Archimedes75 has 60 seconds left.\n|inactive|Prometheus756 has 60 seconds left.\n|inactive|Prometheus756 has 30 seconds left.\n|\n|t:|1734098753\n|start\n|switch|p1a: Tauros|Tauros-Paldea-Aqua, L50, M|100\/100\n|switch|p1b: Pelipper|Pelipper, L50, M|100\/100\n|switch|p2a: Sableye|Sableye, L50, M|100\/100\n|switch|p2b: Amoonguss|Amoonguss, L50, M|100\/100\n|-ability|p1a: Tauros|Intimidate|boost\n|-unboost|p2a: Sableye|atk|1\n|-unboost|p2b: Amoonguss|atk|1\n|-weather|RainDance|[from] ability: Drizzle|[of] p1b: Pelipper\n|turn|1\n|inactive|Archimedes75 has 30 seconds left.\n|\n|t:|1734098781\n|move|p2a: Sableye|Light Screen|p2a: Sableye\n|-sidestart|p2: Prometheus756|move: Light Screen\n|move|p1a: Tauros|Raging Bull|p2a: Sableye\n|-sideend|p2: Prometheus756|move: Light Screen\n|-damage|p2a: Sableye|15\/100\n|move|p1b: Pelipper|Hurricane|p2b: Amoonguss\n|-supereffective|p2b: Amoonguss\n|-damage|p2b: Amoonguss|24\/100\n|-start|p2b: Amoonguss|confusion\n|-activate|p2b: Amoonguss|confusion\n|move|p2b: Amoonguss|Spore|p1a: Tauros\n|-activate|p1a: Tauros|item: Safety Goggles|Spore\n|\n|-weather|RainDance|[upkeep]\n|upkeep\n|turn|2\n|\n|t:|1734098797\n|switch|p2b: Archaludon|Archaludon, L50, M|100\/100\n|move|p1a: Tauros|Aqua Jet|p2a: Sableye\n|-damage|p2a: Sableye|0 fnt\n|faint|p2a: Sableye\n|move|p1b: Pelipper|Hurricane|p2b: Archaludon\n|-resisted|p2b: Archaludon\n|-damage|p2b: Archaludon|82\/100\n|-ability|p2b: Archaludon|Stamina|boost\n|-boost|p2b: Archaludon|def|1\n|\n|-weather|RainDance|[upkeep]\n|upkeep\n|\n|t:|1734098809\n|switch|p2a: Rillaboom|Rillaboom, L50, M|100\/100\n|-fieldstart|move: Grassy Terrain|[from] ability: Grassy Surge|[of] p2a: Rillaboom\n|turn|3\n|inactive|Archimedes75 has 30 seconds left.\n|inactive|Archimedes75 has 20 seconds left.\n|inactive|Archimedes75 has 15 seconds left.\n|inactive|Archimedes75 has 10 seconds left.\n|\n|t:|1734098855\n|switch|p1a: Dragonite|Dragonite, L50, F|100\/100\n|move|p2a: Rillaboom|Fake Out|p1b: Pelipper\n|-damage|p1b: Pelipper|82\/100\n|cant|p1b: Pelipper|flinch\n|move|p2b: Archaludon|Electro Shot||[still]\n|-prepare|p2b: Archaludon|Electro Shot\n|-boost|p2b: Archaludon|spa|1\n|-anim|p2b: Archaludon|Electro Shot|p1b: Pelipper\n|-supereffective|p1b: Pelipper\n|-damage|p1b: Pelipper|0 fnt\n|faint|p1b: Pelipper\n|\n|-weather|RainDance|[upkeep]\n|-heal|p2b: Archaludon|88\/100|[from] Grassy Terrain\n|upkeep\n|\n|t:|1734098860\n|switch|p1b: Archaludon|Archaludon, L50, F|100\/100\n|turn|4\n|\n|t:|1734098884\n|move|p1b: Archaludon|Electro Shot||[still]\n|-prepare|p1b: Archaludon|Electro Shot\n|-boost|p1b: Archaludon|spa|1\n|-anim|p1b: Archaludon|Electro Shot|p2a: Rillaboom\n|-resisted|p2a: Rillaboom\n|-damage|p2a: Rillaboom|54\/100\n|move|p2a: Rillaboom|Bullet Seed|p2b: Archaludon\n|-resisted|p2b: Archaludon\n|-damage|p2b: Archaludon|87\/100\n|-ability|p2b: Archaludon|Stamina|boost\n|-boost|p2b: Archaludon|def|1\n|-resisted|p2b: Archaludon\n|-damage|p2b: Archaludon|85\/100\n|-ability|p2b: Archaludon|Stamina|boost\n|-boost|p2b: Archaludon|def|1\n|-resisted|p2b: Archaludon\n|-damage|p2b: Archaludon|84\/100\n|-ability|p2b: Archaludon|Stamina|boost\n|-boost|p2b: Archaludon|def|1\n|-resisted|p2b: Archaludon\n|-damage|p2b: Archaludon|84\/100\n|-ability|p2b: Archaludon|Stamina|boost\n|-boost|p2b: Archaludon|def|1\n|-hitcount|p2b: Archaludon|4\n|move|p1a: Dragonite|Scale Shot|p2a: Rillaboom\n|-damage|p2a: Rillaboom|37\/100\n|-damage|p2a: Rillaboom|20\/100\n|-damage|p2a: Rillaboom|2\/100\n|-damage|p2a: Rillaboom|0 fnt\n|faint|p2a: Rillaboom\n|-hitcount|p2: Rillaboom|4\n|-unboost|p1a: Dragonite|def|1\n|-boost|p1a: Dragonite|spe|1\n|move|p2b: Archaludon|Body Press|p1b: Archaludon\n|-supereffective|p1b: Archaludon\n|-ability|p1b: Archaludon|Sturdy\n|-damage|p1b: Archaludon|1\/100\n|\n|-weather|RainDance|[upkeep]\n|-heal|p1b: Archaludon|7\/100|[from] Grassy Terrain\n|-heal|p2b: Archaludon|89\/100|[from] Grassy Terrain\n|upkeep\n|inactive|Prometheus756 has 30 seconds left.\n|\n|t:|1734098909\n|switch|p2a: Amoonguss|Amoonguss, L50, M|57\/100\n|turn|5\n|inactive|Prometheus756 has 30 seconds left.\n|inactive|Archimedes75 has 30 seconds left.\n|inactive|Prometheus756 has 20 seconds left.\n|inactive|Archimedes75 has 20 seconds left.\n|inactive|Prometheus756 has 15 seconds left.\n|\n|t:|1734098954\n|move|p2a: Amoonguss|Rage Powder|p2a: Amoonguss\n|-singleturn|p2a: Amoonguss|move: Rage Powder\n|move|p1a: Dragonite|Scale Shot|p2a: Amoonguss\n|-damage|p2a: Amoonguss|44\/100\n|-crit|p2a: Amoonguss\n|-damage|p2a: Amoonguss|28\/100\n|-crit|p2a: Amoonguss\n|-damage|p2a: Amoonguss|11\/100\n|-damage|p2a: Amoonguss|0 fnt\n|faint|p2a: Amoonguss\n|-hitcount|p2: Amoonguss|4\n|-unboost|p1a: Dragonite|def|1\n|-boost|p1a: Dragonite|spe|1\n|move|p1b: Archaludon|Dragon Pulse|p2b: Archaludon\n|-damage|p2b: Archaludon|34\/100\n|-ability|p2b: Archaludon|Stamina|boost\n|-boost|p2b: Archaludon|def|1\n|move|p2b: Archaludon|Snarl|p1b: Archaludon|[spread] p1a,p1b\n|-damage|p1a: Dragonite|92\/100\n|-damage|p1b: Archaludon|0 fnt\n|-unboost|p1a: Dragonite|spa|1\n|faint|p1b: Archaludon\n|\n|-weather|none\n|-heal|p2b: Archaludon|39\/100|[from] Grassy Terrain\n|upkeep\n|\n|t:|1734098975\n|switch|p1b: Tauros|Tauros-Paldea-Aqua, L50, M|100\/100\n|-ability|p1b: Tauros|Intimidate|boost\n|-unboost|p2b: Archaludon|atk|1\n|turn|6\n|\n|t:|1734098993\n|-terastallize|p2b: Archaludon|Fairy\n|move|p1b: Tauros|Protect|p1b: Tauros\n|-singleturn|p1b: Tauros|Protect\n|move|p1a: Dragonite|Haze|p1a: Dragonite\n|-clearallboost\n|move|p2b: Archaludon|Body Press|p1b: Tauros\n|-activate|p1b: Tauros|move: Protect\n|\n|-heal|p2b: Archaludon|45\/100|[from] Grassy Terrain\n|upkeep\n|turn|7\n|c|\u2606Archimedes75|GG\n|\n|t:|1734099008\n|-terastallize|p1b: Tauros|Water\n|move|p1b: Tauros|Raging Bull|p2b: Archaludon\n|-damage|p2b: Archaludon|5\/100\n|-ability|p2b: Archaludon|Stamina|boost\n|-boost|p2b: Archaludon|def|1\n|move|p1a: Dragonite|Tailwind|p1a: Dragonite\n|-sidestart|p1: Archimedes75|move: Tailwind\n|move|p2b: Archaludon|Draco Meteor|p1b: Tauros\n|-damage|p1b: Tauros|19\/100\n|-unboost|p2b: Archaludon|spa|2\n|\n|-heal|p1b: Tauros|25\/100|[from] Grassy Terrain\n|-heal|p2b: Archaludon|10\/100|[from] Grassy Terrain\n|-fieldend|move: Grassy Terrain\n|upkeep\n|turn|8\n|-message|Prometheus756 forfeited.\n|\n|win|Archimedes75\n|raw|Archimedes75's rating: 1706 &rarr; <strong>1725<\/strong><br \/>(+19 for winning)\n|raw|Prometheus756's rating: 1693 &rarr; <strong>1674<\/strong><br \/>(-19 for losing)\n|l|\u2606Prometheus756\n|player|p2|\n|l|\u2606Archimedes75\n|player|p1|\n","uploadtime":1734099195,"views":6,"formatid":"gen9vgc2024regh","rating":1674,"private":0,"password":null}