{"id":"gen9vgc2024regh-2262071185","format":"[Gen 9] VGC 2024 Reg H","players":["elvegis1","fallingbehind"],"log":"|j|\u2606elvegis1\n|j|\u2606fallingbehind\n|t:|1734061847\n|gametype|doubles\n|player|p1|elvegis1|lucas|1785\n|player|p2|fallingbehind|169|1675\n|teamsize|p1|6\n|teamsize|p2|6\n|gen|9\n|tier|[Gen 9] VGC 2024 Reg H\n|rated|\n|rule|Species Clause: Limit one of each Pok\u00e9mon\n|rule|Item Clause: Limit 1 of each item\n|clearpoke\n|poke|p1|Incineroar, L50, F|\n|poke|p1|Kingambit, L50, M|\n|poke|p1|Dusclops, L50, F|\n|poke|p1|Gallade, L50, M|\n|poke|p1|Ursaluna-Bloodmoon, L50, M|\n|poke|p1|Zoroark-Hisui, L50, M|\n|poke|p2|Glaceon, L50, M|\n|poke|p2|Ninetales-Alola, L50, M|\n|poke|p2|Porygon2, L50|\n|poke|p2|Dragonite, L50, F|\n|poke|p2|Ursaluna-Bloodmoon, L50, M|\n|poke|p2|Incineroar, L50, F|\n|teampreview|4\n|inactive|Battle timer is ON: inactive players will automatically lose when time's up. (requested by fallingbehind)\nfallingbehind has agreed to open team sheets.\n|inactive|fallingbehind has 60 seconds left.\n|inactive|fallingbehind has 30 seconds left.\n|inactive|fallingbehind has 20 seconds left.\n|inactive|fallingbehind has 15 seconds left.\n|inactive|fallingbehind has 10 seconds left.\n|\n|t:|1734061931\n|start\n|switch|p1a: Dusclops|Dusclops, L50, F|100\/100\n|switch|p1b: Incineroar|Incineroar, L50, F|100\/100\n|switch|p2a: Glaceon|Glaceon, L50, M|100\/100\n|switch|p2b: Ninetales|Ninetales-Alola, L50, M|100\/100\n|-weather|Snow|[from] ability: Snow Warning|[of] p2b: Ninetales\n|-ability|p1b: Incineroar|Intimidate|boost\n|-unboost|p2a: Glaceon|atk|1\n|-unboost|p2b: Ninetales|atk|1\n|-item|p2a: Glaceon|Choice Specs|[from] ability: Frisk|[of] p1a: Dusclops\n|-item|p2b: Ninetales|Covert Cloak|[from] ability: Frisk|[of] p1a: Dusclops\n|turn|1\n|\n|t:|1734061952\n|move|p1b: Incineroar|Fake Out|p2a: Glaceon|[miss]\n|-miss|p1b: Incineroar|p2a: Glaceon\n|move|p2b: Ninetales|Aurora Veil|p2b: Ninetales\n|-sidestart|p2: fallingbehind|move: Aurora Veil\n|move|p2a: Glaceon|Blizzard|p1a: Dusclops|[spread] p1a,p1b\n|-resisted|p1b: Incineroar\n|-crit|p1b: Incineroar\n|-damage|p1a: Dusclops|62\/100\n|-damage|p1b: Incineroar|54\/100\n|-status|p1a: Dusclops|frz\n|cant|p1a: Dusclops|frz\n|\n|-weather|Snow|[upkeep]\n|upkeep\n|turn|2\n|\n|t:|1734061968\n|move|p2b: Ninetales|Helping Hand|p2a: Glaceon\n|-singleturn|p2a: Glaceon|Helping Hand|[of] p2b: Ninetales\n|move|p1b: Incineroar|Knock Off|p2a: Glaceon\n|-damage|p2a: Glaceon|85\/100\n|-enditem|p2a: Glaceon|Choice Specs|[from] move: Knock Off|[of] p1b: Incineroar\n|move|p2a: Glaceon|Blizzard|p1b: Incineroar|[spread] p1a,p1b\n|-resisted|p1b: Incineroar\n|-damage|p1a: Dusclops|27\/100 frz\n|-damage|p1b: Incineroar|26\/100\n|-status|p1b: Incineroar|frz\n|-enditem|p1b: Incineroar|Sitrus Berry|[eat]\n|-heal|p1b: Incineroar|51\/100 frz|[from] item: Sitrus Berry\n|cant|p1a: Dusclops|frz\n|\n|-weather|Snow|[upkeep]\n|upkeep\n|turn|3\n|\n|t:|1734061984\n|move|p2b: Ninetales|Moonblast|p1b: Incineroar\n|-damage|p1b: Incineroar|26\/100 frz\n|-curestatus|p1b: Incineroar|frz|[from] move: Flare Blitz\n|move|p1b: Incineroar|Flare Blitz|p2a: Glaceon\n|-supereffective|p2a: Glaceon\n|-damage|p2a: Glaceon|45\/100\n|-damage|p1b: Incineroar|15\/100|[from] Recoil\n|move|p2a: Glaceon|Blizzard|p1a: Dusclops|[spread] p1a,p1b\n|-resisted|p1b: Incineroar\n|-crit|p1b: Incineroar\n|-damage|p1a: Dusclops|3\/100 frz\n|-damage|p1b: Incineroar|0 fnt\n|faint|p1b: Incineroar\n|cant|p1a: Dusclops|frz\n|\n|-weather|Snow|[upkeep]\n|upkeep\n|\n|t:|1734061997\n|switch|p1b: Gallade|Gallade, L50, M|100\/100\n|turn|4\n|\n|t:|1734062011\n|-terastallize|p1b: Gallade|Fairy\n|move|p2b: Ninetales|Moonblast|p1b: Gallade\n|-damage|p1b: Gallade|73\/100\n|move|p2a: Glaceon|Blizzard|p1a: Dusclops|[spread] p1a,p1b\n|-damage|p1a: Dusclops|0 fnt\n|-damage|p1b: Gallade|34\/100\n|faint|p1a: Dusclops\n|move|p1b: Gallade|Trick Room|p1b: Gallade\n|-fieldstart|move: Trick Room|[of] p1b: Gallade\n|\n|-weather|Snow|[upkeep]\n|upkeep\n|\n|t:|1734062020\n|switch|p1a: Ursaluna|Ursaluna-Bloodmoon, L50, M|100\/100\n|turn|5\n|\n|t:|1734062038\n|move|p1a: Ursaluna|Blood Moon|p2a: Glaceon\n|-damage|p2a: Glaceon|0 fnt\n|faint|p2a: Glaceon\n|move|p1b: Gallade|Sacred Sword|p2b: Ninetales\n|-crit|p2b: Ninetales\n|-damage|p2b: Ninetales|11\/100\n|move|p2b: Ninetales|Blizzard|p1b: Gallade|[spread] p1a,p1b\n|-supereffective|p1a: Ursaluna\n|-damage|p1a: Ursaluna|63\/100\n|-damage|p1b: Gallade|10\/100\n|\n|-weather|none\n|-sideend|p2: fallingbehind|move: Aurora Veil\n|upkeep\n|\n|t:|1734062054\n|switch|p2a: Porygon2|Porygon2, L50|100\/100\n|-ability|p2a: Porygon2|Download|boost\n|-boost|p2a: Porygon2|spa|1\n|turn|6\n|inactive|fallingbehind has 30 seconds left.\n|inactive|fallingbehind has 20 seconds left.\n|\n|t:|1734062091\n|move|p1b: Gallade|Protect|p1b: Gallade\n|-singleturn|p1b: Gallade|Protect\n|move|p1a: Ursaluna|Hyper Voice|p2b: Ninetales|[spread] p2a,p2b\n|-damage|p2a: Porygon2|75\/100\n|-damage|p2b: Ninetales|0 fnt\n|faint|p2b: Ninetales\n|move|p2a: Porygon2|Tera Blast|p1b: Gallade\n|-activate|p1b: Gallade|move: Protect\n|\n|upkeep\n|\n|t:|1734062095\n|switch|p2b: Ursaluna|Ursaluna-Bloodmoon, L50, M|100\/100\n|turn|7\n|\n|t:|1734062102\n|-terastallize|p2b: Ursaluna|Ghost\n|move|p1b: Gallade|Protect||[still]\n|-fail|p1b: Gallade\n|move|p1a: Ursaluna|Blood Moon|p2b: Ursaluna\n|-damage|p2b: Ursaluna|39\/100\n|move|p2b: Ursaluna|Hyper Voice|p1b: Gallade|[spread] p1a,p1b\n|-damage|p1a: Ursaluna|34\/100\n|-damage|p1b: Gallade|0 fnt\n|faint|p1b: Gallade\n|move|p2a: Porygon2|Ice Beam|p1a: Ursaluna\n|-supereffective|p1a: Ursaluna\n|-damage|p1a: Ursaluna|0 fnt\n|faint|p1a: Ursaluna\n|\n|win|fallingbehind\n|raw|elvegis1's rating: 1785 &rarr; <strong>1759<\/strong><br \/>(-26 for losing)\n|raw|fallingbehind's rating: 1675 &rarr; <strong>1701<\/strong><br \/>(+26 for winning)\n|l|\u2606elvegis1\n|player|p1|\n|l|\u2606fallingbehind\n|player|p2|\n","uploadtime":1734062296,"views":28,"formatid":"gen9vgc2024regh","rating":1701,"private":0,"password":null}