{"id":"gen9vgc2024regh-2262608835","format":"[Gen 9] VGC 2024 Reg H","players":["Kdog2025","Riemann39"],"log":"|j|\u2606Kdog2025\n|j|\u2606Riemann39\n|t:|1734135897\n|gametype|doubles\n|player|p1|Kdog2025|2|1648\n|player|p2|Riemann39|unknown|1667\n|teamsize|p1|6\n|teamsize|p2|6\n|gen|9\n|tier|[Gen 9] VGC 2024 Reg H\n|rated|\n|rule|Species Clause: Limit one of each Pok\u00e9mon\n|rule|Item Clause: Limit 1 of each item\n|clearpoke\n|poke|p1|Archaludon, L50, M|\n|poke|p1|Whimsicott, L50, M|\n|poke|p1|Pelipper, L50, F|\n|poke|p1|Overqwil, L50, M|\n|poke|p1|Incineroar, L50, F|\n|poke|p1|Dragapult, L50, M|\n|poke|p2|Amoonguss, L50, M|\n|poke|p2|Gholdengo, L50|\n|poke|p2|Incineroar, L50, M|\n|poke|p2|Garchomp, L50, F|\n|poke|p2|Ninetales-Alola, L50, F|\n|poke|p2|Dragonite, L50, F|\n|teampreview|4\n|inactive|Battle timer is ON: inactive players will automatically lose when time's up. (requested by Riemann39)\n|inactive|Kdog2025 also wants the timer to be on.\n|\n|t:|1734135918\n|start\n|switch|p1a: Whimsicott|Whimsicott, L50, M|100\/100\n|switch|p1b: Archaludon|Archaludon, L50, M|100\/100\n|switch|p2a: Dragonite|Dragonite, L50, F|100\/100\n|switch|p2b: Amoonguss|Amoonguss, L50, M|100\/100\n|turn|1\n|inactive|Riemann39 has 30 seconds left.\n|inactive|Riemann39 has 20 seconds left.\n|inactive|Riemann39 has 15 seconds left.\n|inactive|Riemann39 has 10 seconds left.\n|inactive|Riemann39 has 5 seconds left.\n|\n|t:|1734135973\n|-terastallize|p1b: Archaludon|Grass\n|move|p1a: Whimsicott|Beat Up|p1b: Archaludon\n|-damage|p1b: Archaludon|99\/100\n|-ability|p1b: Archaludon|Stamina|boost\n|-boost|p1b: Archaludon|def|1\n|-damage|p1b: Archaludon|97\/100\n|-ability|p1b: Archaludon|Stamina|boost\n|-boost|p1b: Archaludon|def|1\n|-damage|p1b: Archaludon|96\/100\n|-ability|p1b: Archaludon|Stamina|boost\n|-boost|p1b: Archaludon|def|1\n|-damage|p1b: Archaludon|94\/100\n|-ability|p1b: Archaludon|Stamina|boost\n|-boost|p1b: Archaludon|def|1\n|-hitcount|p1b: Archaludon|4\n|move|p2a: Dragonite|Ice Spinner|p1b: Archaludon\n|-supereffective|p1b: Archaludon\n|-damage|p1b: Archaludon|76\/100\n|-ability|p1b: Archaludon|Stamina|boost\n|-boost|p1b: Archaludon|def|1\n|move|p1b: Archaludon|Draco Meteor|p2a: Dragonite\n|-supereffective|p2a: Dragonite\n|-damage|p2a: Dragonite|28\/100\n|-unboost|p1b: Archaludon|spa|2\n|move|p2b: Amoonguss|Pollen Puff|p1a: Whimsicott\n|-damage|p1a: Whimsicott|72\/100\n|\n|upkeep\n|turn|2\n|inactive|Kdog2025 has 30 seconds left.\n|\n|t:|1734135998\n|move|p1a: Whimsicott|Tailwind|p1a: Whimsicott\n|-sidestart|p1: Kdog2025|move: Tailwind\n|move|p1b: Archaludon|Body Press|p2a: Dragonite\n|-resisted|p2a: Dragonite\n|-damage|p2a: Dragonite|0 fnt\n|faint|p2a: Dragonite\n|move|p2b: Amoonguss|Pollen Puff|p2: Dragonite|[notarget]\n|-fail|p2b: Amoonguss\n|\n|upkeep\n|inactive|Riemann39 has 30 seconds left.\n|inactive|Riemann39 has 20 seconds left.\n|\n|t:|1734136033\n|switch|p2a: Ninetales|Ninetales-Alola, L50, F|100\/100\n|-weather|Snow|[from] ability: Snow Warning|[of] p2a: Ninetales\n|turn|3\n|\n|t:|1734136042\n|switch|p1a: Pelipper|Pelipper, L50, F|100\/100\n|-weather|RainDance|[from] ability: Drizzle|[of] p1a: Pelipper\n|-terastallize|p2a: Ninetales|Ghost\n|move|p1b: Archaludon|Flash Cannon|p2a: Ninetales\n|-damage|p2a: Ninetales|76\/100\n|-unboost|p2a: Ninetales|spd|1\n|move|p2a: Ninetales|Blizzard|p1b: Archaludon|[spread] p1a,p1b\n|-supereffective|p1b: Archaludon\n|-damage|p1a: Pelipper|42\/100\n|-damage|p1b: Archaludon|21\/100\n|-ability|p1b: Archaludon|Stamina|boost\n|-boost|p1b: Archaludon|def|1\n|move|p2b: Amoonguss|Pollen Puff|p1b: Archaludon\n|-supereffective|p1b: Archaludon\n|-damage|p1b: Archaludon|0 fnt\n|faint|p1b: Archaludon\n|\n|-weather|RainDance|[upkeep]\n|upkeep\n|\n|t:|1734136057\n|switch|p1b: Overqwil|Overqwil, L50, M|100\/100\n|turn|4\n|\n|t:|1734136067\n|move|p2b: Amoonguss|Rage Powder|p2b: Amoonguss\n|-singleturn|p2b: Amoonguss|move: Rage Powder\n|move|p1b: Overqwil|Throat Chop|p2b: Amoonguss\n|-damage|p2b: Amoonguss|61\/100\n|-start|p2b: Amoonguss|Throat Chop|[silent]\n|-damage|p1b: Overqwil|91\/100|[from] item: Life Orb\n|move|p1a: Pelipper|Hurricane|p2b: Amoonguss\n|-supereffective|p2b: Amoonguss\n|-damage|p2b: Amoonguss|0 fnt\n|faint|p2b: Amoonguss\n|move|p2a: Ninetales|Freeze-Dry|p1a: Pelipper\n|-supereffective|p1a: Pelipper\n|-damage|p1a: Pelipper|0 fnt\n|faint|p1a: Pelipper\n|\n|-weather|RainDance|[upkeep]\n|upkeep\n|\n|t:|1734136078\n|switch|p1a: Whimsicott|Whimsicott, L50, M|72\/100\n|switch|p2b: Garchomp|Garchomp, L50, F|100\/100\n|turn|5\n|\n|t:|1734136096\n|move|p1b: Overqwil|Throat Chop|p2a: Ninetales\n|-supereffective|p2a: Ninetales\n|-damage|p2a: Ninetales|0 fnt\n|faint|p2a: Ninetales\n|-damage|p1b: Overqwil|81\/100|[from] item: Life Orb\n|move|p1a: Whimsicott|Moonblast|p2b: Garchomp\n|-supereffective|p2b: Garchomp\n|-damage|p2b: Garchomp|17\/100\n|move|p2b: Garchomp|Earthquake|p1a: Whimsicott|[spread] p1a,p1b\n|-resisted|p1a: Whimsicott\n|-supereffective|p1b: Overqwil\n|-damage|p1a: Whimsicott|37\/100\n|-damage|p1b: Overqwil|0 fnt\n|faint|p1b: Overqwil\n|-damage|p2b: Garchomp|8\/100|[from] item: Life Orb\n|\n|-weather|RainDance|[upkeep]\n|-sideend|p1: Kdog2025|move: Tailwind\n|upkeep\n|turn|6\n|\n|t:|1734136105\n|move|p1a: Whimsicott|Moonblast|p2b: Garchomp\n|-supereffective|p2b: Garchomp\n|-damage|p2b: Garchomp|0 fnt\n|faint|p2b: Garchomp\n|\n|win|Kdog2025\n|raw|Kdog2025's rating: 1648 &rarr; <strong>1670<\/strong><br \/>(+22 for winning)\n|raw|Riemann39's rating: 1689 &rarr; <strong>1667<\/strong><br \/>(-22 for losing)\n|l|\u2606Riemann39\n|player|p2|\n|l|\u2606Kdog2025\n|player|p1|\n","uploadtime":1734136291,"views":10,"formatid":"gen9vgc2024regh","rating":1667,"private":0,"password":null}