{"id":"gen9vgc2024regh-2262978791","format":"[Gen 9] VGC 2024 Reg H","players":["Vianex","DaAnt2.6"],"log":"|j|\u2606Vianex\n|j|\u2606DaAnt2.6\n|t:|1734199233\n|gametype|doubles\n|player|p1|Vianex|pokemaniac|1711\n|player|p2|DaAnt2.6|guitarist|1654\n|teamsize|p1|6\n|teamsize|p2|6\n|gen|9\n|tier|[Gen 9] VGC 2024 Reg H\n|rated|\n|rule|Species Clause: Limit one of each Pok\u00e9mon\n|rule|Item Clause: Limit 1 of each item\n|clearpoke\n|poke|p1|Indeedee-F, L50, F|\n|poke|p1|Torkoal, L50, M|\n|poke|p1|Porygon2, L50|\n|poke|p1|Kingambit, L50, F|\n|poke|p1|Lilligant, L50, F|\n|poke|p1|Delphox, L50, M|\n|poke|p2|Dondozo, L50, M|\n|poke|p2|Tatsugiri, L50, M|\n|poke|p2|Archaludon, L50, F|\n|poke|p2|Arcanine-Hisui, L50, M|\n|poke|p2|Pincurchin, L50, M|\n|poke|p2|Mamoswine, L50, F|\n|teampreview|4\n|inactive|Battle timer is ON: inactive players will automatically lose when time's up. (requested by DaAnt2.6)\n|inactive|DaAnt2.6 has 60 seconds left.\n|\n|t:|1734199273\n|start\n|switch|p1a: Lilligant|Lilligant, L50, F|100\/100\n|switch|p1b: Torkoal|Torkoal, L50, M|100\/100\n|switch|p2a: Archaludon|Archaludon, L50, F|100\/100\n|switch|p2b: Arcanine|Arcanine-Hisui, L50, M|100\/100\n|-ability|p2b: Arcanine|Intimidate|boost\n|-unboost|p1a: Lilligant|atk|1\n|-unboost|p1b: Torkoal|atk|1\n|-weather|SunnyDay|[from] ability: Drought|[of] p1b: Torkoal\n|turn|1\n|\n|t:|1734199294\n|move|p1b: Torkoal|Protect|p1b: Torkoal\n|-singleturn|p1b: Torkoal|Protect\n|move|p1a: Lilligant|Sleep Powder|p2b: Arcanine\n|-status|p2b: Arcanine|slp|[from] move: Sleep Powder\n|cant|p2b: Arcanine|slp\n|move|p2a: Archaludon|Electro Shot||[still]\n|-prepare|p2a: Archaludon|Electro Shot\n|-boost|p2a: Archaludon|spa|1\n|-enditem|p2a: Archaludon|Power Herb\n|-anim|p2a: Archaludon|Electro Shot|p1b: Torkoal\n|-activate|p1b: Torkoal|move: Protect\n|\n|-weather|SunnyDay|[upkeep]\n|upkeep\n|turn|2\n|\n|t:|1734199314\n|move|p2a: Archaludon|Protect|p2a: Archaludon\n|-singleturn|p2a: Archaludon|Protect\n|move|p1a: Lilligant|After You|p1b: Torkoal\n|-activate|p1b: Torkoal|move: After You\n|move|p1b: Torkoal|Eruption|p2a: Archaludon|[spread] p2b\n|-activate|p2a: Archaludon|move: Protect\n|-resisted|p2b: Arcanine\n|-damage|p2b: Arcanine|78\/100 slp\n|-curestatus|p2b: Arcanine|slp|[msg]\n|move|p2b: Arcanine|Rock Slide|p1a: Lilligant|[spread] p1a,p1b\n|-supereffective|p1b: Torkoal\n|-damage|p1a: Lilligant|47\/100\n|-damage|p1b: Torkoal|43\/100\n|-damage|p2b: Arcanine|68\/100|[from] item: Life Orb\n|\n|-weather|SunnyDay|[upkeep]\n|upkeep\n|turn|3\n|\n|t:|1734199333\n|switch|p1b: Kingambit|Kingambit, L50, F|100\/100\n|move|p2b: Arcanine|Extreme Speed|p1a: Lilligant\n|-damage|p1a: Lilligant|0 fnt\n|faint|p1a: Lilligant\n|-damage|p2b: Arcanine|58\/100|[from] item: Life Orb\n|move|p2a: Archaludon|Electro Shot||[still]\n|-prepare|p2a: Archaludon|Electro Shot\n|-boost|p2a: Archaludon|spa|1\n|\n|-weather|SunnyDay|[upkeep]\n|upkeep\n|\n|t:|1734199339\n|switch|p1a: Porygon2|Porygon2, L50, shiny|100\/100\n|-ability|p1a: Porygon2|Download|boost\n|-boost|p1a: Porygon2|spa|1\n|turn|4\n|inactive|Vianex has 30 seconds left.\n|\n|t:|1734199364\n|switch|p1b: Torkoal|Torkoal, L50, M|43\/100\n|move|p2b: Arcanine|Flare Blitz|p1a: Porygon2\n|-damage|p1a: Porygon2|46\/100\n|-status|p1a: Porygon2|brn\n|-damage|p2b: Arcanine|37\/100|[from] Recoil\n|-damage|p2b: Arcanine|27\/100|[from] item: Life Orb\n|move|p2a: Archaludon|Electro Shot|p1b: Torkoal|[from]lockedmove\n|-damage|p1b: Torkoal|0 fnt\n|faint|p1b: Torkoal\n|move|p1a: Porygon2|Trick Room|p1a: Porygon2\n|-fieldstart|move: Trick Room|[of] p1a: Porygon2\n|\n|-weather|SunnyDay|[upkeep]\n|-damage|p1a: Porygon2|40\/100 brn|[from] brn\n|upkeep\n|\n|t:|1734199369\n|switch|p1b: Kingambit|Kingambit, L50, F|100\/100\n|turn|5\n|\n|t:|1734199378\n|-terastallize|p1a: Porygon2|Ground\n|move|p1b: Kingambit|Kowtow Cleave|p2b: Arcanine\n|-damage|p2b: Arcanine|0 fnt\n|faint|p2b: Arcanine\n|move|p1a: Porygon2|Tera Blast|p2a: Archaludon|[anim] Tera Blast Ground\n|-supereffective|p2a: Archaludon\n|-ability|p2a: Archaludon|Sturdy\n|-damage|p2a: Archaludon|1\/100\n|move|p2a: Archaludon|Thunderbolt|p1b: Kingambit\n|-damage|p1b: Kingambit|60\/100\n|\n|-weather|none\n|-damage|p1a: Porygon2|34\/100 brn|[from] brn\n|upkeep\n|\n|t:|1734199383\n|switch|p2b: Dondozo|Dondozo, L50, M|100\/100\n|turn|6\n|\n|t:|1734199397\n|switch|p2a: Tatsugiri|Tatsugiri, L50, M|100\/100\n|-activate|p2a: Tatsugiri|ability: Commander|[of] p2b: Dondozo\n|-boost|p2b: Dondozo|atk|2\n|-boost|p2b: Dondozo|spa|2\n|-boost|p2b: Dondozo|spe|2\n|-boost|p2b: Dondozo|def|2\n|-boost|p2b: Dondozo|spd|2\n|move|p1b: Kingambit|Kowtow Cleave|p2b: Dondozo\n|-damage|p2b: Dondozo|81\/100\n|move|p1a: Porygon2|Recover|p1a: Porygon2\n|-heal|p1a: Porygon2|84\/100 brn\n|move|p2b: Dondozo|Earthquake|p1a: Porygon2|[spread] p1a,p1b\n|-miss|p2b: Dondozo|p2a: Tatsugiri\n|-supereffective|p1b: Kingambit\n|-damage|p1a: Porygon2|61\/100 brn\n|-damage|p1b: Kingambit|0 fnt\n|faint|p1b: Kingambit\n|\n|-damage|p1a: Porygon2|55\/100 brn|[from] brn\n|upkeep\n|turn|7\n|-message|Vianex forfeited.\n|\n|win|DaAnt2.6\n|raw|Vianex's rating: 1711 &rarr; <strong>1688<\/strong><br \/>(-23 for losing)\n|raw|DaAnt2.6's rating: 1654 &rarr; <strong>1677<\/strong><br \/>(+23 for winning)\n|l|\u2606Vianex\n|player|p1|\n|l|\u2606DaAnt2.6\n|player|p2|\n","uploadtime":1734199609,"views":10,"formatid":"gen9vgc2024regh","rating":1677,"private":0,"password":null}