{"id":"gen9vgc2024regh-2262073548","format":"[Gen 9] VGC 2024 Reg H","players":["NoodleDude2355","shihevtr2"],"log":"|j|\u203dNoodleDude2355\n|j|\u2606shihevtr2\n|t:|1734062219\n|gametype|doubles\n|player|p1|NoodleDude2355|blackbelt-gen4dp|1683\n|player|p2|shihevtr2|lucas|1695\n|teamsize|p1|6\n|teamsize|p2|6\n|gen|9\n|tier|[Gen 9] VGC 2024 Reg H\n|rated|\n|rule|Species Clause: Limit one of each Pok\u00e9mon\n|rule|Item Clause: Limit 1 of each item\n|clearpoke\n|poke|p1|Grimmsnarl, L50, M|\n|poke|p1|Volcarona, L50, F|\n|poke|p1|Dragonite, L50, M|\n|poke|p1|Rillaboom, L50, F|\n|poke|p1|Dondozo, L50, F|\n|poke|p1|Ninetales-Alola, L50, F|\n|poke|p2|Pelipper, L50, F|\n|poke|p2|Basculegion, L50, M|\n|poke|p2|Archaludon, L50, F|\n|poke|p2|Amoonguss, L50, M|\n|poke|p2|Incineroar, L50, F|\n|poke|p2|Gholdengo, L50|\n|teampreview|4\n|inactive|Battle timer is ON: inactive players will automatically lose when time's up. (requested by NoodleDude2355)\n|inactive|NoodleDude2355 has 60 seconds left.\n|inactive|shihevtr2 has 60 seconds left.\n|\n|t:|1734062277\n|start\n|switch|p1a: Grimmsnarl|Grimmsnarl, L50, M|100\/100\n|switch|p1b: Volcarona|Volcarona, L50, F|100\/100\n|switch|p2a: Gholdengo|Gholdengo, L50|100\/100\n|switch|p2b: Amoonguss|Amoonguss, L50, M|100\/100\n|-item|p2a: Gholdengo|Air Balloon\n|turn|1\n|\n|t:|1734062291\n|move|p1a: Grimmsnarl|Light Screen|p1a: Grimmsnarl\n|-sidestart|p1: NoodleDude2355|move: Light Screen\n|move|p2a: Gholdengo|Nasty Plot|p2a: Gholdengo\n|-boost|p2a: Gholdengo|spa|2\n|move|p1b: Volcarona|Quiver Dance|p1b: Volcarona\n|-boost|p1b: Volcarona|spa|1\n|-boost|p1b: Volcarona|spd|1\n|-boost|p1b: Volcarona|spe|1\n|move|p2b: Amoonguss|Clear Smog|p1b: Volcarona\n|-damage|p1b: Volcarona|94\/100\n|-clearboost|p1b: Volcarona\n|\n|-heal|p1b: Volcarona|100\/100|[from] item: Leftovers\n|upkeep\n|turn|2\n|\n|t:|1734062306\n|move|p2a: Gholdengo|Protect|p2a: Gholdengo\n|-singleturn|p2a: Gholdengo|Protect\n|move|p1a: Grimmsnarl|Thunder Wave|p2b: Amoonguss\n|-status|p2b: Amoonguss|par\n|move|p1b: Volcarona|Heat Wave|p2a: Gholdengo|[spread] p2b\n|-activate|p2a: Gholdengo|move: Protect\n|-supereffective|p2b: Amoonguss\n|-damage|p2b: Amoonguss|40\/100 par\n|-enditem|p2b: Amoonguss|Sitrus Berry|[eat]\n|-heal|p2b: Amoonguss|65\/100 par|[from] item: Sitrus Berry\n|cant|p2b: Amoonguss|par\n|\n|upkeep\n|turn|3\n|inactive|shihevtr2 has 30 seconds left.\n|\n|t:|1734062335\n|switch|p2b: Incineroar|Incineroar, L50, F|100\/100\n|-ability|p2b: Incineroar|Intimidate|boost\n|-unboost|p1a: Grimmsnarl|atk|1\n|-unboost|p1b: Volcarona|atk|1\n|-terastallize|p2a: Gholdengo|Water\n|move|p2a: Gholdengo|Nasty Plot|p2a: Gholdengo\n|-boost|p2a: Gholdengo|spa|2\n|move|p1b: Volcarona|Heat Wave|p2a: Gholdengo|[spread] p2a,p2b\n|-resisted|p2a: Gholdengo\n|-resisted|p2b: Incineroar\n|-damage|p2a: Gholdengo|80\/100\n|-damage|p2b: Incineroar|85\/100\n|-status|p2a: Gholdengo|brn\n|-enditem|p2a: Gholdengo|Air Balloon\n|move|p1a: Grimmsnarl|Spirit Break|p2a: Gholdengo\n|-damage|p2a: Gholdengo|55\/100 brn\n|-unboost|p2a: Gholdengo|spa|1\n|\n|-damage|p2a: Gholdengo|49\/100 brn|[from] brn\n|upkeep\n|turn|4\n|inactive|shihevtr2 has 30 seconds left.\n|\n|t:|1734062361\n|switch|p2b: Amoonguss|Amoonguss, L50, M|99\/100 par\n|move|p1b: Volcarona|Protect|p1b: Volcarona\n|-singleturn|p1b: Volcarona|Protect\n|move|p1a: Grimmsnarl|Reflect|p1a: Grimmsnarl\n|-sidestart|p1: NoodleDude2355|Reflect\n|move|p2a: Gholdengo|Make It Rain|p1a: Grimmsnarl|[spread] p1a\n|-activate|p1b: Volcarona|move: Protect\n|-supereffective|p1a: Grimmsnarl\n|-damage|p1a: Grimmsnarl|0 fnt\n|-unboost|p2a: Gholdengo|spa|1\n|faint|p1a: Grimmsnarl\n|\n|-damage|p2a: Gholdengo|43\/100 brn|[from] brn\n|upkeep\n|\n|t:|1734062371\n|switch|p1a: Rillaboom|Rillaboom, L50, F|100\/100\n|-fieldstart|move: Grassy Terrain|[from] ability: Grassy Surge|[of] p1a: Rillaboom\n|turn|5\n|\n|t:|1734062392\n|-terastallize|p1b: Volcarona|Grass\n|move|p2a: Gholdengo|Protect|p2a: Gholdengo\n|-singleturn|p2a: Gholdengo|Protect\n|move|p1a: Rillaboom|Fake Out|p2a: Gholdengo\n|-activate|p2a: Gholdengo|move: Protect\n|move|p1b: Volcarona|Heat Wave|p2a: Gholdengo|[spread] p2b\n|-activate|p2a: Gholdengo|move: Protect\n|-supereffective|p2b: Amoonguss\n|-damage|p2b: Amoonguss|38\/100 par\n|move|p2b: Amoonguss|Spore|p1b: Volcarona\n|-immune|p1b: Volcarona\n|\n|-heal|p2a: Gholdengo|49\/100 brn|[from] Grassy Terrain\n|-heal|p2b: Amoonguss|44\/100 par|[from] Grassy Terrain\n|-damage|p2a: Gholdengo|43\/100 brn|[from] brn\n|upkeep\n|turn|6\n|\n|t:|1734062408\n|switch|p2a: Archaludon|Archaludon, L50, F|100\/100\n|switch|p2b: Incineroar|Incineroar, L50, F|85\/100\n|-ability|p2b: Incineroar|Intimidate|boost\n|-unboost|p1a: Rillaboom|atk|1\n|-unboost|p1b: Volcarona|atk|1\n|move|p1b: Volcarona|Heat Wave|p2a: Archaludon|[spread] p2a,p2b\n|-resisted|p2b: Incineroar\n|-damage|p2a: Archaludon|74\/100\n|-damage|p2b: Incineroar|67\/100\n|-ability|p2a: Archaludon|Stamina|boost\n|-boost|p2a: Archaludon|def|1\n|move|p1a: Rillaboom|High Horsepower|p2a: Archaludon|[miss]\n|-miss|p1a: Rillaboom|p2a: Archaludon\n|\n|-heal|p2b: Incineroar|73\/100|[from] Grassy Terrain\n|-heal|p2a: Archaludon|80\/100|[from] Grassy Terrain\n|upkeep\n|turn|7\n|inactive|shihevtr2 has 30 seconds left.\n|inactive|shihevtr2 has 20 seconds left.\n|inactive|shihevtr2 has 15 seconds left.\n|inactive|shihevtr2 has 10 seconds left.\n|j| DittoTang\n|inactive|shihevtr2 has 5 seconds left.\n|\n|t:|1734062458\n|move|p1b: Volcarona|Quiver Dance|p1b: Volcarona\n|-boost|p1b: Volcarona|spa|1\n|-boost|p1b: Volcarona|spd|1\n|-boost|p1b: Volcarona|spe|1\n|move|p2b: Incineroar|Flare Blitz|p1b: Volcarona\n|-supereffective|p1b: Volcarona\n|-damage|p1b: Volcarona|31\/100\n|-status|p1b: Volcarona|brn\n|-damage|p2b: Incineroar|51\/100|[from] Recoil\n|move|p2a: Archaludon|Flash Cannon|p1b: Volcarona\n|-damage|p1b: Volcarona|16\/100 brn\n|-unboost|p1b: Volcarona|spd|1\n|move|p1a: Rillaboom|High Horsepower|p2a: Archaludon\n|-supereffective|p2a: Archaludon\n|-damage|p2a: Archaludon|58\/100\n|-ability|p2a: Archaludon|Stamina|boost\n|-boost|p2a: Archaludon|def|1\n|\n|-heal|p1b: Volcarona|22\/100 brn|[from] Grassy Terrain\n|-heal|p1b: Volcarona|29\/100 brn|[from] item: Leftovers\n|-heal|p2b: Incineroar|57\/100|[from] Grassy Terrain\n|-heal|p2a: Archaludon|64\/100|[from] Grassy Terrain\n|-damage|p1b: Volcarona|22\/100 brn|[from] brn\n|upkeep\n|turn|8\n|inactive|shihevtr2 has 30 seconds left.\n|\n|t:|1734062489\n|move|p1b: Volcarona|Heat Wave|p2b: Incineroar|[spread] p2a,p2b\n|-resisted|p2b: Incineroar\n|-damage|p2a: Archaludon|29\/100\n|-damage|p2b: Incineroar|30\/100\n|-ability|p2a: Archaludon|Stamina|boost\n|-boost|p2a: Archaludon|def|1\n|move|p2b: Incineroar|Parting Shot|p1a: Rillaboom\n|-unboost|p1a: Rillaboom|atk|1\n|-unboost|p1a: Rillaboom|spa|1\n|\n|t:|1734062497\n|switch|p2b: Amoonguss|Amoonguss, L50, M|77\/100 par|[from] Parting Shot\n|move|p2a: Archaludon|Body Press|p1b: Volcarona\n|-damage|p1b: Volcarona|0 fnt\n|-status|p2a: Archaludon|brn|[from] ability: Flame Body|[of] p1b: Volcarona\n|faint|p1b: Volcarona\n|move|p1a: Rillaboom|High Horsepower|p2a: Archaludon\n|-supereffective|p2a: Archaludon\n|-damage|p2a: Archaludon|19\/100 brn\n|-ability|p2a: Archaludon|Stamina|boost\n|-boost|p2a: Archaludon|def|1\n|\n|-heal|p2a: Archaludon|25\/100 brn|[from] Grassy Terrain\n|-heal|p2b: Amoonguss|83\/100 par|[from] Grassy Terrain\n|-damage|p2a: Archaludon|19\/100 brn|[from] brn\n|-sideend|p1: NoodleDude2355|move: Light Screen\n|upkeep\n|\n|t:|1734062499\n|switch|p1b: Ninetales|Ninetales-Alola, L50, F|100\/100\n|-weather|Snow|[from] ability: Snow Warning|[of] p1b: Ninetales\n|turn|9\n|\n|t:|1734062514\n|move|p1b: Ninetales|Blizzard|p2a: Archaludon|[spread] p2a,p2b\n|-supereffective|p2b: Amoonguss\n|-damage|p2a: Archaludon|0 fnt\n|-damage|p2b: Amoonguss|34\/100 par\n|faint|p2a: Archaludon\n|move|p1a: Rillaboom|High Horsepower|p2b: Amoonguss\n|-damage|p2b: Amoonguss|19\/100 par\n|move|p2b: Amoonguss|Spore|p1b: Ninetales\n|-status|p1b: Ninetales|slp|[from] move: Spore\n|\n|-weather|Snow|[upkeep]\n|-heal|p2b: Amoonguss|25\/100 par|[from] Grassy Terrain\n|-fieldend|move: Grassy Terrain\n|upkeep\n|\n|t:|1734062528\n|switch|p2a: Gholdengo|Gholdengo, L50, tera:Water|43\/100 brn\n|turn|10\n|\n|t:|1734062532\n|switch|p2b: Incineroar|Incineroar, L50, F|30\/100\n|-ability|p2b: Incineroar|Intimidate|boost\n|-unboost|p1a: Rillaboom|atk|1\n|-unboost|p1b: Ninetales|atk|1\n|cant|p1b: Ninetales|slp\n|move|p2a: Gholdengo|Make It Rain|p1b: Ninetales|[spread] p1a,p1b\n|-supereffective|p1b: Ninetales\n|-damage|p1a: Rillaboom|68\/100\n|-enditem|p1b: Ninetales|Focus Sash\n|-damage|p1b: Ninetales|1\/100 slp\n|-unboost|p2a: Gholdengo|spa|1\n|move|p1a: Rillaboom|Wood Hammer|p2a: Gholdengo\n|-supereffective|p2a: Gholdengo\n|-damage|p2a: Gholdengo|0 fnt\n|faint|p2a: Gholdengo\n|-damage|p1a: Rillaboom|56\/100|[from] Recoil\n|\n|-weather|Snow|[upkeep]\n|upkeep\n|\n|t:|1734062546\n|switch|p2a: Amoonguss|Amoonguss, L50, M|58\/100 par\n|turn|11\n|\n|t:|1734062555\n|cant|p1b: Ninetales|slp\n|move|p2b: Incineroar|Fake Out|p1b: Ninetales\n|-damage|p1b: Ninetales|0 fnt\n|faint|p1b: Ninetales\n|move|p1a: Rillaboom|High Horsepower|p2b: Incineroar\n|-supereffective|p2b: Incineroar\n|-damage|p2b: Incineroar|2\/100\n|move|p2a: Amoonguss|Pollen Puff|p2b: Incineroar\n|-heal|p2b: Incineroar|52\/100\n|\n|-weather|Snow|[upkeep]\n|-sideend|p1: NoodleDude2355|Reflect\n|upkeep\n|turn|12\n|inactive|NoodleDude2355 has 30 seconds left.\n|\n|t:|1734062581\n|move|p2b: Incineroar|Flare Blitz|p1a: Rillaboom\n|-supereffective|p1a: Rillaboom\n|-damage|p1a: Rillaboom|0 fnt\n|faint|p1a: Rillaboom\n|-damage|p2b: Incineroar|35\/100|[from] Recoil\n|\n|win|shihevtr2\n|raw|NoodleDude2355's rating: 1683 &rarr; <strong>1664<\/strong><br \/>(-19 for losing)\n|raw|shihevtr2's rating: 1695 &rarr; <strong>1714<\/strong><br \/>(+19 for winning)\n|l|\u203dNoodleDude2355\n|player|p1|\n|l| DittoTang\n|l|\u2606shihevtr2\n|player|p2|\n","uploadtime":1734062851,"views":6,"formatid":"gen9vgc2024regh","rating":1664,"private":0,"password":null}