{"id":"gen9vgc2024regh-2262229294","format":"[Gen 9] VGC 2024 Reg H","players":["BigLewsBadBattling","everlance"],"log":"|j|\u2606BigLewsBadBattling\n|j|\u2606everlance\n|t:|1734091757\n|gametype|doubles\n|player|p1|BigLewsBadBattling|pokemonranger-gen4|1689\n|player|p2|everlance|101|1683\n|teamsize|p1|6\n|teamsize|p2|6\n|gen|9\n|tier|[Gen 9] VGC 2024 Reg H\n|rated|\n|rule|Species Clause: Limit one of each Pok\u00e9mon\n|rule|Item Clause: Limit 1 of each item\n|clearpoke\n|poke|p1|Chandelure, L50, F|\n|poke|p1|Archaludon, L50, M|\n|poke|p1|Grimmsnarl, L50, M|\n|poke|p1|Annihilape, L50, M|\n|poke|p1|Rillaboom, L50, M|\n|poke|p1|Farigiraf, L50, F|\n|poke|p2|Glimmora, L50, F|\n|poke|p2|Sneasler, L50, M|\n|poke|p2|Indeedee, L50, M|\n|poke|p2|Whimsicott, L50, F|\n|poke|p2|Volcarona, L50, M|\n|poke|p2|Garchomp, L50, M|\n|teampreview|4\n|inactive|Battle timer is ON: inactive players will automatically lose when time's up. (requested by everlance)\n|\n|t:|1734091783\n|start\n|switch|p1a: Rillaboom|Rillaboom, L50, M|100\/100\n|switch|p1b: Farigiraf|Farigiraf, L50, F|100\/100\n|switch|p2a: Glimmora|Glimmora, L50, F|100\/100\n|switch|p2b: Indeedee|Indeedee, L50, M|100\/100\n|-fieldstart|move: Psychic Terrain|[from] ability: Psychic Surge|[of] p2b: Indeedee\n|-fieldstart|move: Grassy Terrain|[from] ability: Grassy Surge|[of] p1a: Rillaboom\n|-enditem|p1a: Rillaboom|Grassy Seed\n|-boost|p1a: Rillaboom|def|1|[from] item: Grassy Seed\n|turn|1\n|\n|t:|1734091797\n|move|p1a: Rillaboom|Fake Out|p2b: Indeedee\n|-damage|p2b: Indeedee|75\/100\n|cant|p2b: Indeedee|flinch\n|move|p2a: Glimmora|Meteor Beam||[still]\n|-prepare|p2a: Glimmora|Meteor Beam\n|-boost|p2a: Glimmora|spa|1\n|-enditem|p2a: Glimmora|Power Herb\n|-anim|p2a: Glimmora|Meteor Beam|p1b: Farigiraf\n|-damage|p1b: Farigiraf|9\/100\n|move|p1b: Farigiraf|Trick Room|p1b: Farigiraf\n|-fieldstart|move: Trick Room|[of] p1b: Farigiraf\n|\n|-heal|p1b: Farigiraf|15\/100|[from] Grassy Terrain\n|-heal|p2b: Indeedee|80\/100|[from] Grassy Terrain\n|upkeep\n|turn|2\n|inactive|BigLewsBadBattling has 30 seconds left.\n|\n|t:|1734091823\n|-terastallize|p2b: Indeedee|Fairy\n|move|p2a: Glimmora|Spiky Shield|p2a: Glimmora\n|-singleturn|p2a: Glimmora|move: Protect\n|move|p1b: Farigiraf|Twin Beam|p2a: Glimmora\n|-activate|p2a: Glimmora|move: Protect\n|move|p1a: Rillaboom|Wood Hammer|p2b: Indeedee\n|-damage|p2b: Indeedee|0 fnt\n|faint|p2b: Indeedee\n|-damage|p1a: Rillaboom|80\/100|[from] Recoil\n|\n|-heal|p1b: Farigiraf|22\/100|[from] Grassy Terrain\n|-heal|p1a: Rillaboom|86\/100|[from] Grassy Terrain\n|upkeep\n|\n|t:|1734091836\n|switch|p2b: Garchomp|Garchomp, L50, M|100\/100\n|turn|3\n|\n|t:|1734091854\n|switch|p2a: Whimsicott|Whimsicott, L50, F|100\/100\n|move|p1b: Farigiraf|Twin Beam|p2a: Whimsicott\n|-damage|p2a: Whimsicott|67\/100\n|-damage|p2a: Whimsicott|35\/100\n|-hitcount|p2a: Whimsicott|2\n|move|p1a: Rillaboom|High Horsepower|p2a: Whimsicott\n|-resisted|p2a: Whimsicott\n|-damage|p2a: Whimsicott|8\/100\n|move|p2b: Garchomp|Dragon Claw|p1b: Farigiraf\n|-damage|p1b: Farigiraf|0 fnt\n|faint|p1b: Farigiraf\n|\n|-heal|p1a: Rillaboom|91\/100|[from] Grassy Terrain\n|-heal|p2a: Whimsicott|14\/100|[from] Grassy Terrain\n|upkeep\n|inactive|BigLewsBadBattling has 30 seconds left.\n|inactive|BigLewsBadBattling has 20 seconds left.\n|inactive|BigLewsBadBattling has 15 seconds left.\n|\n|t:|1734091895\n|switch|p1b: Annihilape|Annihilape, L50, M|100\/100\n|turn|4\n|\n|t:|1734091907\n|move|p2a: Whimsicott|Encore|p1a: Rillaboom\n|-start|p1a: Rillaboom|Encore\n|move|p1a: Rillaboom|High Horsepower|p2b: Garchomp\n|-damage|p2b: Garchomp|70\/100\n|-damage|p1a: Rillaboom|79\/100|[from] ability: Rough Skin|[of] p2b: Garchomp\n|move|p1b: Annihilape|Bulk Up|p1b: Annihilape\n|-boost|p1b: Annihilape|atk|1\n|-boost|p1b: Annihilape|def|1\n|move|p2b: Garchomp|Dragon Claw|p1b: Annihilape\n|-damage|p1b: Annihilape|75\/100\n|\n|-heal|p1a: Rillaboom|85\/100|[from] Grassy Terrain\n|-heal|p1b: Annihilape|81\/100|[from] Grassy Terrain\n|-heal|p2b: Garchomp|76\/100|[from] Grassy Terrain\n|-heal|p2a: Whimsicott|20\/100|[from] Grassy Terrain\n|upkeep\n|turn|5\n|\n|t:|1734091927\n|move|p1b: Annihilape|Protect|p1b: Annihilape\n|-singleturn|p1b: Annihilape|Protect\n|move|p2a: Whimsicott|Encore|p1b: Annihilape\n|-activate|p1b: Annihilape|move: Protect\n|move|p1a: Rillaboom|High Horsepower|p2a: Whimsicott\n|-resisted|p2a: Whimsicott\n|-damage|p2a: Whimsicott|0 fnt\n|faint|p2a: Whimsicott\n|move|p2b: Garchomp|Dragon Claw|p1a: Rillaboom\n|-damage|p1a: Rillaboom|60\/100\n|\n|-heal|p1a: Rillaboom|66\/100|[from] Grassy Terrain\n|-heal|p1b: Annihilape|87\/100|[from] Grassy Terrain\n|-heal|p2b: Garchomp|82\/100|[from] Grassy Terrain\n|-fieldend|move: Trick Room\n|-fieldend|move: Grassy Terrain\n|upkeep\n|\n|t:|1734091929\n|switch|p2a: Glimmora|Glimmora, L50, F|100\/100\n|turn|6\n|inactive|BigLewsBadBattling has 30 seconds left.\n|\n|t:|1734091956\n|move|p2b: Garchomp|Iron Head|p1b: Annihilape\n|-damage|p1b: Annihilape|70\/100\n|move|p2a: Glimmora|Sludge Bomb|p1a: Rillaboom\n|-supereffective|p1a: Rillaboom\n|-damage|p1a: Rillaboom|0 fnt\n|faint|p1a: Rillaboom\n|move|p1b: Annihilape|Rage Fist|p2b: Garchomp\n|-crit|p2b: Garchomp\n|-damage|p2b: Garchomp|0 fnt\n|-damage|p1b: Annihilape|58\/100|[from] ability: Rough Skin|[of] p2b: Garchomp\n|faint|p2b: Garchomp\n|\n|upkeep\n|\n|t:|1734091967\n|switch|p1a: Grimmsnarl|Grimmsnarl, L50, M|100\/100\n|turn|7\n|\n|t:|1734091976\n|move|p1a: Grimmsnarl|Light Screen|p1a: Grimmsnarl\n|-sidestart|p1: BigLewsBadBattling|move: Light Screen\n|move|p2a: Glimmora|Earth Power|p1b: Annihilape\n|-damage|p1b: Annihilape|39\/100\n|move|p1b: Annihilape|Rage Fist|p2a: Glimmora\n|-damage|p2a: Glimmora|0 fnt\n|-activate|p2a: Glimmora|ability: Toxic Debris\n|-sidestart|p1: BigLewsBadBattling|move: Toxic Spikes\n|faint|p2a: Glimmora\n|\n|win|BigLewsBadBattling\n|raw|BigLewsBadBattling's rating: 1689 &rarr; <strong>1709<\/strong><br \/>(+20 for winning)\n|raw|everlance's rating: 1683 &rarr; <strong>1663<\/strong><br \/>(-20 for losing)\n|l|\u2606everlance\n|player|p2|\n|c|\u2606BigLewsBadBattling|gg\n|l|\u2606BigLewsBadBattling\n|player|p1|\n","uploadtime":1734092118,"views":16,"formatid":"gen9vgc2024regh","rating":1663,"private":0,"password":null}