{"id":"gen9vgc2024regh-2262396332","format":"[Gen 9] VGC 2024 Reg H","players":["LONGhq","tulio1000"],"log":"|j|\u203dLONGhq\n|j|\u2606tulio1000\n|t:|1734111220\n|gametype|doubles\n|player|p1|LONGhq|101|1705\n|player|p2|tulio1000|youngster-gen4dp|1767\n|teamsize|p1|6\n|teamsize|p2|6\n|gen|9\n|tier|[Gen 9] VGC 2024 Reg H\n|rated|\n|rule|Species Clause: Limit one of each Pok\u00e9mon\n|rule|Item Clause: Limit 1 of each item\n|clearpoke\n|poke|p1|Espeon, L50, F|\n|poke|p1|Indeedee-F, L50, F|\n|poke|p1|Gallade, L50, M|\n|poke|p1|Breloom, L50, F|\n|poke|p1|Torkoal, L50, M|\n|poke|p1|Archaludon, L50, M|\n|poke|p2|Sneasler, L50, F|\n|poke|p2|Indeedee, L50, M|\n|poke|p2|Pelipper, L50, M|\n|poke|p2|Archaludon, L50, M|\n|poke|p2|Dondozo, L50, F|\n|poke|p2|Tatsugiri, L50, F|\n|teampreview|4\n|inactive|Battle timer is ON: inactive players will automatically lose when time's up. (requested by tulio1000)\n|j| merdacapeta\n|inactive|LONGhq has 60 seconds left.\n|\n|t:|1734111260\n|start\n|switch|p1a: Gallade|Gallade, L50, M|100\/100\n|switch|p1b: Breloom|Breloom, L50, F|100\/100\n|switch|p2a: Sneasler|Sneasler, L50, F|100\/100\n|switch|p2b: Indeedee|Indeedee, L50, M|100\/100\n|-fieldstart|move: Psychic Terrain|[from] ability: Psychic Surge|[of] p2b: Indeedee\n|-enditem|p2a: Sneasler|Psychic Seed\n|-boost|p2a: Sneasler|spd|1|[from] item: Psychic Seed\n|turn|1\n|\n|t:|1734111272\n|-terastallize|p1b: Breloom|Ghost\n|move|p2a: Sneasler|Dire Claw|p1b: Breloom\n|-resisted|p1b: Breloom\n|-damage|p1b: Breloom|65\/100\n|move|p1b: Breloom|Spore|p2b: Indeedee\n|-status|p2b: Indeedee|slp|[from] move: Spore\n|cant|p2b: Indeedee|slp\n|move|p1a: Gallade|Trick Room|p1a: Gallade\n|-fieldstart|move: Trick Room|[of] p1a: Gallade\n|\n|upkeep\n|turn|2\n|\n|t:|1734111293\n|switch|p2b: Dondozo|Dondozo, L50, F|100\/100\n|switch|p2a: Tatsugiri|Tatsugiri, L50, F|100\/100\n|-activate|p2a: Tatsugiri|ability: Commander|[of] p2b: Dondozo\n|-boost|p2b: Dondozo|atk|2\n|-boost|p2b: Dondozo|spa|2\n|-boost|p2b: Dondozo|spe|2\n|-boost|p2b: Dondozo|def|2\n|-boost|p2b: Dondozo|spd|2\n|move|p1a: Gallade|Sacred Sword|p2b: Dondozo\n|-damage|p2b: Dondozo|46\/100\n|move|p1b: Breloom|Spore|p2a: Tatsugiri|[miss]\n|-miss|p1b: Breloom|p2a: Tatsugiri\n|\n|upkeep\n|turn|3\n|\n|t:|1734111306\n|switch|p1b: Torkoal|Torkoal, L50, M|100\/100\n|-weather|SunnyDay|[from] ability: Drought|[of] p1b: Torkoal\n|move|p1a: Gallade|Sacred Sword|p2b: Dondozo\n|-damage|p2b: Dondozo|0 fnt\n|faint|p2b: Dondozo\n|\n|-weather|SunnyDay|[upkeep]\n|upkeep\n|\n|t:|1734111315\n|switch|p2b: Sneasler|Sneasler, L50, F|100\/100\n|turn|4\n|\n|t:|1734111334\n|move|p2a: Tatsugiri|Protect|p2a: Tatsugiri\n|-singleturn|p2a: Tatsugiri|Protect\n|move|p2b: Sneasler|Protect|p2b: Sneasler\n|-singleturn|p2b: Sneasler|Protect\n|move|p1b: Torkoal|Eruption|p2b: Sneasler|[spread] \n|-activate|p2a: Tatsugiri|move: Protect\n|-activate|p2b: Sneasler|move: Protect\n|move|p1a: Gallade|Sacred Sword|p2a: Tatsugiri\n|-activate|p2a: Tatsugiri|move: Protect\n|\n|-weather|SunnyDay|[upkeep]\n|upkeep\n|turn|5\n|\n|t:|1734111352\n|move|p2a: Tatsugiri|Protect||[still]\n|-fail|p2a: Tatsugiri\n|move|p2b: Sneasler|Protect|p2b: Sneasler\n|-singleturn|p2b: Sneasler|Protect\n|move|p1b: Torkoal|Eruption|p2b: Sneasler|[spread] p2a\n|-activate|p2b: Sneasler|move: Protect\n|-resisted|p2a: Tatsugiri\n|-damage|p2a: Tatsugiri|67\/100\n|move|p1a: Gallade|Sacred Sword|p2a: Tatsugiri\n|-damage|p2a: Tatsugiri|0 fnt\n|faint|p2a: Tatsugiri\n|\n|-weather|SunnyDay|[upkeep]\n|-fieldend|move: Trick Room\n|-fieldend|move: Psychic Terrain\n|upkeep\n|\n|t:|1734111364\n|switch|p2a: Indeedee|Indeedee, L50, M|100\/100 slp\n|-fieldstart|move: Psychic Terrain|[from] ability: Psychic Surge|[of] p2a: Indeedee\n|turn|6\n|\n|t:|1734111379\n|cant|p2a: Indeedee|slp\n|move|p2b: Sneasler|Dire Claw|p1a: Gallade\n|-damage|p1a: Gallade|40\/100\n|-status|p1a: Gallade|par\n|move|p1a: Gallade|Psycho Cut|p2b: Sneasler\n|-supereffective|p2b: Sneasler\n|-damage|p2b: Sneasler|0 fnt\n|faint|p2b: Sneasler\n|move|p1b: Torkoal|Eruption|p2a: Indeedee\n|-enditem|p2a: Indeedee|Focus Sash\n|-damage|p2a: Indeedee|1\/100 slp\n|\n|-weather|SunnyDay|[upkeep]\n|upkeep\n|turn|7\n|j| The_Beast1440\n|j| mpudi\n|-message|tulio1000 forfeited.\n|\n|win|LONGhq\n|raw|LONGhq's rating: 1705 &rarr; <strong>1729<\/strong><br \/>(+24 for winning)\n|raw|tulio1000's rating: 1767 &rarr; <strong>1743<\/strong><br \/>(-24 for losing)\n|l|\u2606tulio1000\n|player|p2|\n|l|\u203dLONGhq\n|player|p1|\n|l| The_Beast1440\n","uploadtime":1734111658,"views":10,"formatid":"gen9vgc2024regh","rating":1729,"private":0,"password":null}