{"id":"gen9vgc2024regh-2262273522","format":"[Gen 9] VGC 2024 Reg H","players":["Archimedes75","Prometheus756"],"log":"|j|\u2606Archimedes75\n|j|\u2606Prometheus756\n|t:|1734097959\n|gametype|doubles\n|player|p1|Archimedes75|unknown|1657\n|player|p2|Prometheus756|gentleman-gen4dp|1693\n|teamsize|p1|6\n|teamsize|p2|6\n|gen|9\n|tier|[Gen 9] VGC 2024 Reg H\n|rated|\n|rule|Species Clause: Limit one of each Pok\u00e9mon\n|rule|Item Clause: Limit 1 of each item\n|clearpoke\n|poke|p1|Tinkaton, L50, F|\n|poke|p1|Dragonite, L50, F|\n|poke|p1|Archaludon, L50, F|\n|poke|p1|Pelipper, L50, M|\n|poke|p1|Tauros-Paldea-Aqua, L50, M|\n|poke|p1|Amoonguss, L50, M|\n|poke|p2|Sableye, L50, F|\n|poke|p2|Amoonguss, L50, F|\n|poke|p2|Archaludon, L50, F|\n|poke|p2|Rillaboom, L50, F|\n|poke|p2|Pelipper, L50, M|\n|poke|p2|Dusclops, L50, M|\n|teampreview|4\n|inactive|Battle timer is ON: inactive players will automatically lose when time's up. (requested by Archimedes75)\n|inactive|Archimedes75 has 60 seconds left.\n|\n|t:|1734098009\n|start\n|switch|p1a: Archaludon|Archaludon, L50, F|100\/100\n|switch|p1b: Pelipper|Pelipper, L50, M|100\/100\n|switch|p2a: Sableye|Sableye, L50, F|100\/100\n|switch|p2b: Amoonguss|Amoonguss, L50, F|100\/100\n|-weather|RainDance|[from] ability: Drizzle|[of] p1b: Pelipper\n|turn|1\n|\n|t:|1734098020\n|move|p2a: Sableye|Light Screen|p2a: Sableye\n|-sidestart|p2: Prometheus756|move: Light Screen\n|move|p1a: Archaludon|Dragon Pulse|p2b: Amoonguss\n|-damage|p2b: Amoonguss|76\/100\n|move|p1b: Pelipper|Hurricane|p2b: Amoonguss\n|-supereffective|p2b: Amoonguss\n|-damage|p2b: Amoonguss|27\/100\n|move|p2b: Amoonguss|Spore|p1a: Archaludon\n|-status|p1a: Archaludon|slp|[from] move: Spore\n|\n|-weather|RainDance|[upkeep]\n|upkeep\n|turn|2\n|\n|t:|1734098036\n|switch|p2b: Archaludon|Archaludon, L50, F|100\/100\n|move|p2a: Sableye|Reflect|p2a: Sableye\n|-sidestart|p2: Prometheus756|Reflect\n|cant|p1a: Archaludon|slp\n|move|p1b: Pelipper|Hurricane|p2b: Archaludon\n|-resisted|p2b: Archaludon\n|-damage|p2b: Archaludon|88\/100\n|-ability|p2b: Archaludon|Stamina|boost\n|-boost|p2b: Archaludon|def|1\n|\n|-weather|RainDance|[upkeep]\n|upkeep\n|turn|3\n|inactive|Archimedes75 has 30 seconds left.\n|inactive|Archimedes75 has 20 seconds left.\n|inactive|Archimedes75 has 15 seconds left.\n|\n|t:|1734098078\n|switch|p2a: Rillaboom|Rillaboom, L50, F|100\/100\n|-fieldstart|move: Grassy Terrain|[from] ability: Grassy Surge|[of] p2a: Rillaboom\n|-curestatus|p1a: Archaludon|slp|[msg]\n|move|p1a: Archaludon|Electro Shot||[still]\n|-prepare|p1a: Archaludon|Electro Shot\n|-boost|p1a: Archaludon|spa|1\n|-anim|p1a: Archaludon|Electro Shot|p2a: Rillaboom\n|-resisted|p2a: Rillaboom\n|-damage|p2a: Rillaboom|70\/100\n|move|p1b: Pelipper|Weather Ball|p2a: Rillaboom\n|-resisted|p2a: Rillaboom\n|-damage|p2a: Rillaboom|43\/100\n|move|p2b: Archaludon|Electro Shot||[still]\n|-prepare|p2b: Archaludon|Electro Shot\n|-boost|p2b: Archaludon|spa|1\n|-anim|p2b: Archaludon|Electro Shot|p1b: Pelipper\n|-supereffective|p1b: Pelipper\n|-enditem|p1b: Pelipper|Focus Sash\n|-damage|p1b: Pelipper|1\/100\n|\n|-weather|RainDance|[upkeep]\n|-heal|p2a: Rillaboom|48\/100|[from] Grassy Terrain\n|-heal|p2b: Archaludon|94\/100|[from] Grassy Terrain\n|upkeep\n|turn|4\n|inactive|Prometheus756 has 30 seconds left.\n|inactive|Prometheus756 has 20 seconds left.\n|inactive|Prometheus756 has 15 seconds left.\n|\n|t:|1734098122\n|-terastallize|p2b: Archaludon|Fairy\n|move|p2a: Rillaboom|Fake Out|p1a: Archaludon\n|-resisted|p1a: Archaludon\n|-damage|p1a: Archaludon|94\/100\n|cant|p1a: Archaludon|flinch\n|move|p1b: Pelipper|Hurricane|p2a: Rillaboom\n|-supereffective|p2a: Rillaboom\n|-damage|p2a: Rillaboom|0 fnt\n|faint|p2a: Rillaboom\n|move|p2b: Archaludon|Snarl|p1b: Pelipper|[spread] p1a,p1b\n|-damage|p1a: Archaludon|66\/100\n|-damage|p1b: Pelipper|0 fnt\n|-unboost|p1a: Archaludon|spa|1\n|faint|p1b: Pelipper\n|\n|-weather|RainDance|[upkeep]\n|-heal|p1a: Archaludon|72\/100|[from] Grassy Terrain\n|-heal|p2b: Archaludon|99\/100|[from] Grassy Terrain\n|upkeep\n|\n|t:|1734098144\n|switch|p2a: Amoonguss|Amoonguss, L50, F|60\/100\n|switch|p1b: Tinkaton|Tinkaton, L50, F|100\/100\n|-ability|p1b: Tinkaton|Mold Breaker\n|turn|5\n|\n|t:|1734098160\n|move|p1b: Tinkaton|Fake Out|p2a: Amoonguss\n|-damage|p2a: Amoonguss|54\/100\n|cant|p2a: Amoonguss|flinch\n|move|p1a: Archaludon|Electro Shot||[still]\n|-prepare|p1a: Archaludon|Electro Shot\n|-boost|p1a: Archaludon|spa|1\n|-anim|p1a: Archaludon|Electro Shot|p2a: Amoonguss\n|-resisted|p2a: Amoonguss\n|-damage|p2a: Amoonguss|36\/100\n|move|p2b: Archaludon|Electro Shot||[still]\n|-prepare|p2b: Archaludon|Electro Shot\n|-boost|p2b: Archaludon|spa|1\n|-anim|p2b: Archaludon|Electro Shot|p1b: Tinkaton\n|-damage|p1b: Tinkaton|47\/100\n|\n|-weather|none\n|-heal|p1a: Archaludon|78\/100|[from] Grassy Terrain\n|-heal|p1b: Tinkaton|53\/100|[from] Grassy Terrain\n|-heal|p2b: Archaludon|100\/100|[from] Grassy Terrain\n|-heal|p2a: Amoonguss|42\/100|[from] Grassy Terrain\n|upkeep\n|turn|6\n|inactive|Archimedes75 has 30 seconds left.\n|inactive|Prometheus756 has 30 seconds left.\n|\n|t:|1734098193\n|move|p2a: Amoonguss|Rage Powder|p2a: Amoonguss\n|-singleturn|p2a: Amoonguss|move: Rage Powder\n|move|p1a: Archaludon|Flash Cannon|p2a: Amoonguss\n|-damage|p2a: Amoonguss|8\/100\n|move|p1b: Tinkaton|Gigaton Hammer|p2a: Amoonguss\n|-crit|p2a: Amoonguss\n|-damage|p2a: Amoonguss|0 fnt\n|faint|p2a: Amoonguss\n|move|p2b: Archaludon|Body Press|p1b: Tinkaton\n|-damage|p1b: Tinkaton|0 fnt\n|faint|p1b: Tinkaton\n|\n|-heal|p1a: Archaludon|84\/100|[from] Grassy Terrain\n|upkeep\n|\n|t:|1734098200\n|switch|p1b: Tauros|Tauros-Paldea-Aqua, L50, M|100\/100\n|switch|p2a: Sableye|Sableye, L50, F|100\/100\n|-ability|p1b: Tauros|Intimidate|boost\n|-unboost|p2a: Sableye|atk|1\n|-unboost|p2b: Archaludon|atk|1\n|turn|7\n|inactive|Archimedes75 has 30 seconds left.\n|inactive|Prometheus756 has 30 seconds left.\n|\n|t:|1734098232\n|-terastallize|p1b: Tauros|Water\n|move|p2a: Sableye|Will-O-Wisp|p1b: Tauros\n|-status|p1b: Tauros|brn\n|move|p1b: Tauros|Raging Bull|p2a: Sableye\n|-sideend|p2: Prometheus756|Reflect\n|-sideend|p2: Prometheus756|move: Light Screen\n|-damage|p2a: Sableye|59\/100\n|move|p1a: Archaludon|Dragon Pulse|p2a: Sableye\n|-damage|p2a: Sableye|0 fnt\n|faint|p2a: Sableye\n|move|p2b: Archaludon|Body Press|p1a: Archaludon\n|-supereffective|p1a: Archaludon\n|-damage|p1a: Archaludon|14\/100\n|\n|-heal|p1a: Archaludon|20\/100|[from] Grassy Terrain\n|-damage|p1b: Tauros|95\/100 brn|[from] brn\n|-fieldend|move: Grassy Terrain\n|upkeep\n|turn|8\n|inactive|Archimedes75 has 30 seconds left.\n|inactive|Prometheus756 has 30 seconds left.\n|\n|t:|1734098263\n|move|p1a: Archaludon|Protect|p1a: Archaludon\n|-singleturn|p1a: Archaludon|Protect\n|move|p1b: Tauros|Raging Bull|p2b: Archaludon\n|-damage|p2b: Archaludon|87\/100\n|-ability|p2b: Archaludon|Stamina|boost\n|-boost|p2b: Archaludon|def|1\n|move|p2b: Archaludon|Snarl|p1a: Archaludon|[spread] p1b\n|-activate|p1a: Archaludon|move: Protect\n|-damage|p1b: Tauros|59\/100 brn\n|-unboost|p1b: Tauros|spa|1\n|\n|-damage|p1b: Tauros|53\/100 brn|[from] brn\n|upkeep\n|turn|9\n|inactive|Prometheus756 has 30 seconds left.\n|\n|t:|1734098293\n|move|p1b: Tauros|Raging Bull|p2b: Archaludon\n|-damage|p2b: Archaludon|76\/100\n|-ability|p2b: Archaludon|Stamina|boost\n|-boost|p2b: Archaludon|def|1\n|move|p1a: Archaludon|Flash Cannon|p2b: Archaludon\n|-supereffective|p2b: Archaludon\n|-damage|p2b: Archaludon|0 fnt\n|faint|p2b: Archaludon\n|\n|win|Archimedes75\n|raw|Archimedes75's rating: 1671 &rarr; <strong>1692<\/strong><br \/>(+21 for winning)\n|raw|Prometheus756's rating: 1693 &rarr; <strong>1672<\/strong><br \/>(-21 for losing)\n|l|\u2606Prometheus756\n|player|p2|\n|l|\u2606Archimedes75\n|player|p1|\n","uploadtime":1734098508,"views":4,"formatid":"gen9vgc2024regh","rating":1672,"private":0,"password":null}