{"id":"gen9vgc2024regh-2263005352","format":"[Gen 9] VGC 2024 Reg H","players":["DaAnt2.6","papixe"],"log":"|j|\u2606DaAnt2.6\n|j|\u2606papixe\n|t:|1734202511\n|gametype|doubles\n|player|p1|DaAnt2.6|guitarist|1703\n|player|p2|papixe|169|1683\n|teamsize|p1|6\n|teamsize|p2|6\n|gen|9\n|tier|[Gen 9] VGC 2024 Reg H\n|rated|\n|rule|Species Clause: Limit one of each Pok\u00e9mon\n|rule|Item Clause: Limit 1 of each item\n|clearpoke\n|poke|p1|Dondozo, L50, F|\n|poke|p1|Tatsugiri, L50, F|\n|poke|p1|Archaludon, L50, F|\n|poke|p1|Arcanine-Hisui, L50, F|\n|poke|p1|Pincurchin, L50, M|\n|poke|p1|Mamoswine, L50, F|\n|poke|p2|Sneasler, L50, F|\n|poke|p2|Volcarona, L50, F|\n|poke|p2|Dragonite, L50, F|\n|poke|p2|Sinistcha, L50|\n|poke|p2|Kingambit, L50, F|\n|poke|p2|Primarina, L50, F|\n|teampreview|4\n|inactive|Battle timer is ON: inactive players will automatically lose when time's up. (requested by DaAnt2.6)\n|inactive|DaAnt2.6 has 60 seconds left.\n|\n|t:|1734202551\n|start\n|switch|p1a: Mamoswine|Mamoswine, L50, F|100\/100\n|switch|p1b: Archaludon|Archaludon, L50, F|100\/100\n|switch|p2a: Sneasler|Sneasler, L50, F, shiny|100\/100\n|switch|p2b: Kingambit|Kingambit, L50, F, shiny|100\/100\n|turn|1\n|\n|t:|1734202567\n|-terastallize|p1a: Mamoswine|Ghost\n|move|p2a: Sneasler|Close Combat|p1b: Archaludon\n|-supereffective|p1b: Archaludon\n|-ability|p1b: Archaludon|Sturdy\n|-damage|p1b: Archaludon|1\/100\n|-unboost|p2a: Sneasler|def|1\n|-unboost|p2a: Sneasler|spd|1\n|move|p1b: Archaludon|Electro Shot||[still]\n|-prepare|p1b: Archaludon|Electro Shot\n|-boost|p1b: Archaludon|spa|1\n|-enditem|p1b: Archaludon|Power Herb\n|-anim|p1b: Archaludon|Electro Shot|p2b: Kingambit\n|-damage|p2b: Kingambit|39\/100\n|move|p1a: Mamoswine|Icicle Spear|p2a: Sneasler\n|-damage|p2a: Sneasler|63\/100\n|-damage|p2a: Sneasler|28\/100\n|-damage|p2a: Sneasler|0 fnt\n|faint|p2a: Sneasler\n|-hitcount|p2: Sneasler|3\n|move|p2b: Kingambit|Swords Dance|p2b: Kingambit\n|-boost|p2b: Kingambit|atk|2\n|\n|upkeep\n|\n|t:|1734202591\n|switch|p2a: Volcarona|Volcarona, L50, F, shiny|100\/100\n|turn|2\n|\n|t:|1734202607\n|move|p2b: Kingambit|Sucker Punch|p1a: Mamoswine\n|-supereffective|p1a: Mamoswine\n|-damage|p1a: Mamoswine|0 fnt\n|faint|p1a: Mamoswine\n|move|p1b: Archaludon|Dragon Pulse|p2a: Volcarona\n|-damage|p2a: Volcarona|40\/100\n|move|p2a: Volcarona|Quiver Dance|p2a: Volcarona\n|-boost|p2a: Volcarona|spa|1\n|-boost|p2a: Volcarona|spd|1\n|-boost|p2a: Volcarona|spe|1\n|\n|-heal|p2a: Volcarona|46\/100|[from] item: Leftovers\n|upkeep\n|\n|t:|1734202618\n|switch|p1a: Pincurchin|Pincurchin, L50, M|100\/100\n|-fieldstart|move: Electric Terrain|[from] ability: Electric Surge|[of] p1a: Pincurchin\n|turn|3\n|inactive|DaAnt2.6 has 30 seconds left.\n|\n|t:|1734202652\n|-terastallize|p2a: Volcarona|Grass\n|move|p1b: Archaludon|Protect|p1b: Archaludon\n|-singleturn|p1b: Archaludon|Protect\n|move|p2a: Volcarona|Heat Wave|p1b: Archaludon|[spread] p1a\n|-activate|p1b: Archaludon|move: Protect\n|-damage|p1a: Pincurchin|36\/100\n|move|p2b: Kingambit|Kowtow Cleave|p1a: Pincurchin\n|-damage|p1a: Pincurchin|0 fnt\n|faint|p1a: Pincurchin\n|\n|-heal|p2a: Volcarona|52\/100|[from] item: Leftovers\n|upkeep\n|\n|t:|1734202660\n|switch|p1a: Arcanine|Arcanine-Hisui, L50, F|100\/100\n|-ability|p1a: Arcanine|Intimidate|boost\n|-unboost|p2a: Volcarona|atk|1\n|-unboost|p2b: Kingambit|atk|1\n|-ability|p2b: Kingambit|Defiant|boost\n|-boost|p2b: Kingambit|atk|2\n|turn|4\n|\n|t:|1734202677\n|move|p2a: Volcarona|Protect|p2a: Volcarona\n|-singleturn|p2a: Volcarona|Protect\n|move|p1a: Arcanine|Extreme Speed|p2a: Volcarona\n|-activate|p2a: Volcarona|move: Protect\n|move|p2b: Kingambit|Sucker Punch|p1b: Archaludon\n|-damage|p1b: Archaludon|0 fnt\n|faint|p1b: Archaludon\n|\n|-heal|p2a: Volcarona|58\/100|[from] item: Leftovers\n|upkeep\n|turn|5\n|\n|t:|1734202692\n|move|p2a: Volcarona|Giga Drain|p1a: Arcanine\n|-damage|p1a: Arcanine|32\/100\n|-heal|p2a: Volcarona|90\/100|[from] drain|[of] p1a: Arcanine\n|move|p1a: Arcanine|Flare Blitz|p2b: Kingambit\n|-supereffective|p2b: Kingambit\n|-damage|p2b: Kingambit|0 fnt\n|faint|p2b: Kingambit\n|-damage|p1a: Arcanine|17\/100|[from] Recoil\n|-damage|p1a: Arcanine|8\/100|[from] item: Life Orb\n|\n|-heal|p2a: Volcarona|96\/100|[from] item: Leftovers\n|upkeep\n|-message|DaAnt2.6 forfeited.\n|\n|win|papixe\n|raw|DaAnt2.6's rating: 1703 &rarr; <strong>1682<\/strong><br \/>(-21 for losing)\n|raw|papixe's rating: 1683 &rarr; <strong>1704<\/strong><br \/>(+21 for winning)\n|l|\u2606DaAnt2.6\n|player|p1|\n|l|\u2606papixe\n|player|p2|\n","uploadtime":1734202937,"views":32,"formatid":"gen9vgc2024regh","rating":1682,"private":0,"password":null}