{"id":"gen9vgc2024regh-2263492258","format":"[Gen 9] VGC 2024 Reg H","players":["Bef6","fungfung7"],"log":"|j|\u2606Bef6\n|j|\u2606fungfung7\n|t:|1734279965\n|gametype|doubles\n|player|p1|Bef6|lucas|1755\n|player|p2|fungfung7|2|1701\n|teamsize|p1|6\n|teamsize|p2|6\n|gen|9\n|tier|[Gen 9] VGC 2024 Reg H\n|rated|\n|rule|Species Clause: Limit one of each Pok\u00e9mon\n|rule|Item Clause: Limit 1 of each item\n|clearpoke\n|poke|p1|Ursaluna-Bloodmoon, L50, M|\n|poke|p1|Talonflame, L50, M|\n|poke|p1|Electabuzz, L50, M|\n|poke|p1|Dragonite, L50, M|\n|poke|p1|Indeedee, L50, M|\n|poke|p1|Sneasler, L50, M|\n|poke|p2|Archaludon, L50, F|\n|poke|p2|Dragonite, L50, M|\n|poke|p2|Pelipper, L50, M|\n|poke|p2|Ursaluna, L50, M|\n|poke|p2|Sinistcha, L50|\n|poke|p2|Gholdengo, L50|\n|teampreview|4\n|inactive|Battle timer is ON: inactive players will automatically lose when time's up. (requested by fungfung7)\nBef6 has agreed to open team sheets.\n|\n|t:|1734279989\n|start\n|switch|p1a: Electabuzz|Electabuzz, L50, M|100\/100\n|switch|p1b: Ursaluna|Ursaluna-Bloodmoon, L50, M|100\/100\n|switch|p2a: Archaludon|Archaludon, L50, F, shiny|100\/100\n|switch|p2b: Pelipper|Pelipper, L50, M|100\/100\n|-weather|RainDance|[from] ability: Drizzle|[of] p2b: Pelipper\n|turn|1\n|\n|t:|1734280002\n|move|p2b: Pelipper|Protect|p2b: Pelipper\n|-singleturn|p2b: Pelipper|Protect\n|move|p1a: Electabuzz|Electroweb|p2a: Archaludon|[spread] p2a\n|-activate|p2b: Pelipper|move: Protect\n|-resisted|p2a: Archaludon\n|-damage|p2a: Archaludon|96\/100\n|-unboost|p2a: Archaludon|spe|1\n|-ability|p2a: Archaludon|Stamina|boost\n|-boost|p2a: Archaludon|def|1\n|move|p1b: Ursaluna|Earth Power|p2a: Archaludon\n|-supereffective|p2a: Archaludon\n|-damage|p2a: Archaludon|10\/100\n|-unboost|p2a: Archaludon|spd|1\n|-ability|p2a: Archaludon|Stamina|boost\n|-boost|p2a: Archaludon|def|1\n|-damage|p1b: Ursaluna|91\/100|[from] item: Life Orb\n|move|p2a: Archaludon|Snarl|p1b: Ursaluna|[spread] p1a,p1b\n|-damage|p1a: Electabuzz|92\/100\n|-damage|p1b: Ursaluna|76\/100\n|-unboost|p1a: Electabuzz|spa|1\n|-unboost|p1b: Ursaluna|spa|1\n|\n|-weather|RainDance|[upkeep]\n|upkeep\n|turn|2\n|inactive|fungfung7 has 30 seconds left.\n|\n|t:|1734280037\n|-terastallize|p2b: Pelipper|Ghost\n|move|p1a: Electabuzz|Electroweb|p2b: Pelipper|[spread] p2a,p2b\n|-resisted|p2a: Archaludon\n|-damage|p2a: Archaludon|5\/100\n|-damage|p2b: Pelipper|87\/100\n|-unboost|p2a: Archaludon|spe|1\n|-unboost|p2b: Pelipper|spe|1\n|-ability|p2a: Archaludon|Stamina|boost\n|-boost|p2a: Archaludon|def|1\n|move|p1b: Ursaluna|Hyper Voice|p2b: Pelipper|[spread] p2a,p2b\n|-resisted|p2a: Archaludon\n|-damage|p2a: Archaludon|0 fnt\n|-damage|p2b: Pelipper|35\/100\n|faint|p2a: Archaludon\n|-damage|p1b: Ursaluna|67\/100|[from] item: Life Orb\n|move|p2b: Pelipper|Muddy Water|p1b: Ursaluna|[spread] p1a\n|-miss|p2b: Pelipper|p1b: Ursaluna\n|-damage|p1a: Electabuzz|62\/100\n|\n|-weather|RainDance|[upkeep]\n|upkeep\n|\n|t:|1734280052\n|switch|p2a: Gholdengo|Gholdengo, L50|100\/100\n|turn|3\n|\n|t:|1734280068\n|move|p2a: Gholdengo|Make It Rain|p1b: Ursaluna|[spread] p1a,p1b\n|-resisted|p1a: Electabuzz\n|-damage|p1a: Electabuzz|45\/100\n|-damage|p1b: Ursaluna|0 fnt\n|-unboost|p2a: Gholdengo|spa|1\n|faint|p1b: Ursaluna\n|move|p1a: Electabuzz|Taunt|p2b: Pelipper\n|-start|p2b: Pelipper|move: Taunt\n|cant|p2b: Pelipper|move: Taunt|Tailwind\n|\n|-weather|RainDance|[upkeep]\n|upkeep\n|\n|t:|1734280076\n|switch|p1b: Indeedee|Indeedee, L50, M|100\/100\n|-fieldstart|move: Psychic Terrain|[from] ability: Psychic Surge|[of] p1b: Indeedee\n|turn|4\n|\n|t:|1734280096\n|switch|p2a: Sinistcha|Sinistcha, L50|100\/100\n|-heal|p2b: Pelipper|60\/100|[from] ability: Hospitality|[of] p2a: Sinistcha\n|move|p1b: Indeedee|Expanding Force|p2a: Sinistcha|[spread] p2a,p2b\n|-damage|p2a: Sinistcha|53\/100\n|-damage|p2b: Pelipper|0 fnt\n|faint|p2b: Pelipper\n|move|p1a: Electabuzz|Electroweb|p2a: Sinistcha\n|-resisted|p2a: Sinistcha\n|-damage|p2a: Sinistcha|48\/100\n|-unboost|p2a: Sinistcha|spe|1\n|-enditem|p2a: Sinistcha|Sitrus Berry|[eat]\n|-heal|p2a: Sinistcha|72\/100|[from] item: Sitrus Berry\n|\n|-weather|RainDance|[upkeep]\n|upkeep\n|\n|t:|1734280102\n|switch|p2b: Gholdengo|Gholdengo, L50|100\/100\n|turn|5\n|\n|t:|1734280112\n|move|p2b: Gholdengo|Shadow Ball|p1a: Electabuzz\n|-damage|p1a: Electabuzz|14\/100\n|move|p1b: Indeedee|Expanding Force|p2a: Sinistcha|[spread] p2a,p2b\n|-resisted|p2b: Gholdengo\n|-damage|p2a: Sinistcha|25\/100\n|-damage|p2b: Gholdengo|70\/100\n|move|p1a: Electabuzz|Taunt|p2a: Sinistcha\n|-start|p2a: Sinistcha|move: Taunt\n|move|p2a: Sinistcha|Matcha Gotcha|p1a: Electabuzz|[spread] p1a,p1b\n|-damage|p1a: Electabuzz|0 fnt\n|-heal|p2a: Sinistcha|31\/100|[from] drain|[of] p1a: Electabuzz\n|-damage|p1b: Indeedee|69\/100\n|-heal|p2a: Sinistcha|44\/100|[from] drain|[of] p1b: Indeedee\n|-status|p1b: Indeedee|brn\n|faint|p1a: Electabuzz\n|\n|-weather|none\n|-damage|p1b: Indeedee|63\/100 brn|[from] brn\n|upkeep\n|\n|t:|1734280121\n|switch|p1a: Sneasler|Sneasler, L50, M|100\/100\n|-enditem|p1a: Sneasler|Psychic Seed\n|-boost|p1a: Sneasler|spd|1|[from] item: Psychic Seed\n|turn|6\n|\n|t:|1734280128\n|move|p1a: Sneasler|Throat Chop|p2b: Gholdengo\n|-supereffective|p2b: Gholdengo\n|-damage|p2b: Gholdengo|0 fnt\n|faint|p2b: Gholdengo\n|move|p1b: Indeedee|Expanding Force|p2a: Sinistcha\n|-damage|p2a: Sinistcha|0 fnt\n|faint|p2a: Sinistcha\n|\n|win|Bef6\n|raw|Bef6's rating: 1755 &rarr; <strong>1772<\/strong><br \/>(+17 for winning)\n|raw|fungfung7's rating: 1701 &rarr; <strong>1684<\/strong><br \/>(-17 for losing)\n|l|\u2606Bef6\n|player|p1|\n|l|\u2606fungfung7\n|player|p2|\n","uploadtime":1734280301,"views":14,"formatid":"gen9vgc2024regh","rating":1684,"private":0,"password":null}