{"id":"gen9vgc2024regh-2263490464","format":"[Gen 9] VGC 2024 Reg H","players":["fungfung7","liam.2025"],"log":"|j|\u2606fungfung7\n|j|\u2606liam.2025\n|t:|1734279742\n|gametype|doubles\n|player|p1|fungfung7|2|1726\n|player|p2|liam.2025|policeman|1638\n|teamsize|p1|6\n|teamsize|p2|6\n|gen|9\n|tier|[Gen 9] VGC 2024 Reg H\n|rated|\n|rule|Species Clause: Limit one of each Pok\u00e9mon\n|rule|Item Clause: Limit 1 of each item\n|clearpoke\n|poke|p1|Archaludon, L50, F|\n|poke|p1|Dragonite, L50, M|\n|poke|p1|Pelipper, L50, F|\n|poke|p1|Ursaluna, L50, M|\n|poke|p1|Sinistcha, L50|\n|poke|p1|Gholdengo, L50|\n|poke|p2|Weezing-Galar, L50, M|\n|poke|p2|Toedscruel, L50, M|\n|poke|p2|Dragapult, L50, M|\n|poke|p2|Zoroark-Hisui, L50, F|\n|poke|p2|Talonflame, L50, M|\n|poke|p2|Ursaluna-Bloodmoon, L50, M|\n|teampreview|4\n|inactive|Battle timer is ON: inactive players will automatically lose when time's up. (requested by fungfung7)\n|inactive|fungfung7 has 60 seconds left.\n|\n|t:|1734279790\n|start\n|switch|p1a: Archaludon|Archaludon, L50, F, shiny|100\/100\n|switch|p1b: Gholdengo|Gholdengo, L50|100\/100\n|switch|p2a: Weezing|Weezing-Galar, L50, M|100\/100\n|switch|p2b: Toedscruel|Toedscruel, L50, M|100\/100\n|-ability|p2a: Weezing|Neutralizing Gas\n|turn|1\n|inactive|fungfung7 has 30 seconds left.\n|inactive|liam.2025 has 30 seconds left.\n|j| futonkagebunshin\n|\n|t:|1734279821\n|-terastallize|p1a: Archaludon|Fighting\n|move|p1b: Gholdengo|Make It Rain|p2a: Weezing|[spread] p2a,p2b\n|-supereffective|p2a: Weezing\n|-damage|p2a: Weezing|0 fnt\n|-damage|p2b: Toedscruel|55\/100\n|-unboost|p1b: Gholdengo|spa|1\n|faint|p2a: Weezing\n|-end|p2a: Weezing|ability: Neutralizing Gas\n|move|p2b: Toedscruel|Spore|p1b: Gholdengo\n|-status|p1b: Gholdengo|slp|[from] move: Spore\n|move|p1a: Archaludon|Snarl|p2b: Toedscruel\n|-damage|p2b: Toedscruel|40\/100\n|-unboost|p2b: Toedscruel|spa|1\n|\n|upkeep\n|\n|t:|1734279839\n|switch|p2a: Talonflame|Talonflame, L50, M|100\/100\n|turn|2\n|inactive|liam.2025 has 30 seconds left.\n|\n|t:|1734279871\n|move|p2a: Talonflame|Tailwind|p2a: Talonflame\n|-sidestart|p2: liam.2025|move: Tailwind\n|cant|p1b: Gholdengo|slp\n|move|p1a: Archaludon|Snarl|p2b: Toedscruel|[spread] p2a,p2b\n|-damage|p2a: Talonflame|83\/100\n|-damage|p2b: Toedscruel|29\/100\n|-unboost|p2a: Talonflame|spa|1\n|-unboost|p2b: Toedscruel|spa|1\n|move|p2b: Toedscruel|Spore|p1a: Archaludon\n|-status|p1a: Archaludon|slp|[from] move: Spore\n|\n|upkeep\n|turn|3\n|inactive|liam.2025 has 30 seconds left.\n|\n|t:|1734279900\n|switch|p2b: Ursaluna|Ursaluna-Bloodmoon, L50, M|100\/100\n|switch|p1b: Pelipper|Pelipper, L50, F|100\/100\n|-weather|RainDance|[from] ability: Drizzle|[of] p1b: Pelipper\n|move|p2a: Talonflame|Brave Bird|p1a: Archaludon\n|-supereffective|p1a: Archaludon\n|-damage|p1a: Archaludon|22\/100 slp\n|-ability|p1a: Archaludon|Stamina|boost\n|-boost|p1a: Archaludon|def|1\n|-damage|p2a: Talonflame|50\/100|[from] Recoil\n|cant|p1a: Archaludon|slp\n|\n|-weather|RainDance|[upkeep]\n|upkeep\n|turn|4\n|\n|t:|1734279917\n|-terastallize|p2b: Ursaluna|Normal\n|move|p2a: Talonflame|Brave Bird|p1b: Pelipper\n|-crit|p1b: Pelipper\n|-enditem|p1b: Pelipper|Focus Sash\n|-damage|p1b: Pelipper|1\/100\n|-damage|p2a: Talonflame|21\/100|[from] Recoil\n|move|p2b: Ursaluna|Hyper Voice|p1a: Archaludon|[spread] p1a,p1b\n|-damage|p1a: Archaludon|0 fnt\n|-damage|p1b: Pelipper|0 fnt\n|faint|p1a: Archaludon\n|faint|p1b: Pelipper\n|\n|-weather|RainDance|[upkeep]\n|upkeep\n|\n|t:|1734279924\n|switch|p1b: Dragonite|Dragonite, L50, M|100\/100\n|switch|p1a: Gholdengo|Gholdengo, L50|100\/100 slp\n|turn|5\n|\n|t:|1734279947\n|move|p2a: Talonflame|Brave Bird|p1b: Dragonite\n|-damage|p1b: Dragonite|68\/100\n|-damage|p2a: Talonflame|10\/100|[from] Recoil\n|move|p2b: Ursaluna|Earth Power|p1a: Gholdengo\n|-supereffective|p1a: Gholdengo\n|-damage|p1a: Gholdengo|0 fnt\n|faint|p1a: Gholdengo\n|move|p1b: Dragonite|Scale Shot|p2b: Ursaluna|[miss]\n|-miss|p1b: Dragonite|p2b: Ursaluna\n|\n|-weather|RainDance|[upkeep]\n|-sideend|p2: liam.2025|move: Tailwind\n|upkeep\n|turn|6\n|-message|fungfung7 forfeited.\n|\n|win|liam.2025\n|raw|fungfung7's rating: 1726 &rarr; <strong>1701<\/strong><br \/>(-25 for losing)\n|raw|liam.2025's rating: 1638 &rarr; <strong>1663<\/strong><br \/>(+25 for winning)\n|l|\u2606fungfung7\n|player|p1|\n","uploadtime":1734280165,"views":11,"formatid":"gen9vgc2024regh","rating":1663,"private":0,"password":null}