{"id":"gen9vgc2024regh-2263389015","format":"[Gen 9] VGC 2024 Reg H","players":["papixe","zugasteam"],"log":"|j|\u2606papixe\n|j|\u2606zugasteam\n|t:|1734263641\n|gametype|doubles\n|player|p1|papixe|101|1715\n|player|p2|zugasteam|265|1688\n|teamsize|p1|6\n|teamsize|p2|6\n|gen|9\n|tier|[Gen 9] VGC 2024 Reg H\n|rated|\n|rule|Species Clause: Limit one of each Pok\u00e9mon\n|rule|Item Clause: Limit 1 of each item\n|clearpoke\n|poke|p1|Archaludon, L50, F|\n|poke|p1|Pelipper, L50, F|\n|poke|p1|Sinistcha, L50|\n|poke|p1|Ursaluna-Bloodmoon, L50, M|\n|poke|p1|Sneasler, L50, F|\n|poke|p1|Indeedee, L50, M|\n|poke|p2|Rillaboom, L50, F|\n|poke|p2|Sneasler, L50, M|\n|poke|p2|Incineroar, L50, M|\n|poke|p2|Rotom-Wash, L50|\n|poke|p2|Ursaluna-Bloodmoon, L50, M|\n|poke|p2|Dragonite, L50, F|\n|teampreview|4\n|inactive|Battle timer is ON: inactive players will automatically lose when time's up. (requested by zugasteam)\n|\n|t:|1734263682\n|start\n|switch|p1a: Archaludon|Archaludon, L50, F, shiny|100\/100\n|switch|p1b: Pelipper|Pelipper, L50, F, shiny|100\/100\n|switch|p2a: Ursaluna|Ursaluna-Bloodmoon, L50, M|100\/100\n|switch|p2b: Sneasler|Sneasler, L50, M|100\/100\n|-weather|RainDance|[from] ability: Drizzle|[of] p1b: Pelipper\n|turn|1\n|\n|t:|1734263702\n|switch|p1a: Indeedee|Indeedee, L50, M|100\/100\n|-fieldstart|move: Psychic Terrain|[from] ability: Psychic Surge|[of] p1a: Indeedee\n|move|p2a: Ursaluna|Protect|p2a: Ursaluna\n|-singleturn|p2a: Ursaluna|Protect\n|move|p2b: Sneasler|Dire Claw|p1b: Pelipper\n|-damage|p1b: Pelipper|45\/100\n|move|p1b: Pelipper|Muddy Water|p2b: Sneasler|[spread] p2b\n|-activate|p2a: Ursaluna|move: Protect\n|-damage|p2b: Sneasler|39\/100\n|-unboost|p2b: Sneasler|accuracy|1\n|\n|-weather|RainDance|[upkeep]\n|upkeep\n|turn|2\n|\n|t:|1734263724\n|switch|p2b: Rillaboom|Rillaboom, L50, F|100\/100\n|-fieldstart|move: Grassy Terrain|[from] ability: Grassy Surge|[of] p2b: Rillaboom\n|-terastallize|p2a: Ursaluna|Ghost\n|move|p1a: Indeedee|Expanding Force|p2a: Ursaluna\n|-damage|p2a: Ursaluna|44\/100\n|move|p1b: Pelipper|Muddy Water|p2a: Ursaluna|[spread] p2a,p2b\n|-resisted|p2b: Rillaboom\n|-damage|p2a: Ursaluna|0 fnt\n|-damage|p2b: Rillaboom|83\/100\n|faint|p2a: Ursaluna\n|\n|-weather|RainDance|[upkeep]\n|-heal|p2b: Rillaboom|89\/100|[from] Grassy Terrain\n|upkeep\n|\n|t:|1734263736\n|switch|p2a: Sneasler|Sneasler, L50, M|39\/100\n|turn|3\n|\n|t:|1734263747\n|switch|p1a: Archaludon|Archaludon, L50, F, shiny|100\/100\n|move|p2a: Sneasler|Dire Claw|p1b: Pelipper\n|-damage|p1b: Pelipper|0 fnt\n|faint|p1b: Pelipper\n|move|p2b: Rillaboom|Wood Hammer|p1a: Archaludon\n|-resisted|p1a: Archaludon\n|-damage|p1a: Archaludon|86\/100\n|-ability|p1a: Archaludon|Stamina|boost\n|-boost|p1a: Archaludon|def|1\n|-damage|p2b: Rillaboom|85\/100|[from] Recoil\n|\n|-weather|RainDance|[upkeep]\n|-heal|p2a: Sneasler|44\/100|[from] Grassy Terrain\n|-heal|p2b: Rillaboom|90\/100|[from] Grassy Terrain\n|-heal|p1a: Archaludon|92\/100|[from] Grassy Terrain\n|upkeep\n|\n|t:|1734263764\n|switch|p1b: Indeedee|Indeedee, L50, M|100\/100\n|-fieldstart|move: Psychic Terrain|[from] ability: Psychic Surge|[of] p1b: Indeedee\n|turn|4\n|\n|t:|1734263774\n|switch|p2b: Dragonite|Dragonite, L50, F|100\/100\n|-terastallize|p1a: Archaludon|Bug\n|move|p2a: Sneasler|Protect|p2a: Sneasler\n|-singleturn|p2a: Sneasler|Protect\n|move|p1b: Indeedee|Expanding Force|p2a: Sneasler|[spread] p2b\n|-activate|p2a: Sneasler|move: Protect\n|-damage|p2b: Dragonite|67\/100\n|move|p1a: Archaludon|Electro Shot||[still]\n|-prepare|p1a: Archaludon|Electro Shot\n|-boost|p1a: Archaludon|spa|1\n|-anim|p1a: Archaludon|Electro Shot|p2b: Dragonite\n|-damage|p2b: Dragonite|18\/100\n|\n|-weather|RainDance|[upkeep]\n|upkeep\n|turn|5\n|\n|t:|1734263796\n|switch|p2a: Rillaboom|Rillaboom, L50, F|90\/100\n|-fieldstart|move: Grassy Terrain|[from] ability: Grassy Surge|[of] p2a: Rillaboom\n|move|p1b: Indeedee|Expanding Force|p2a: Rillaboom\n|-crit|p2a: Rillaboom\n|-damage|p2a: Rillaboom|35\/100\n|move|p2b: Dragonite|Haze|p2b: Dragonite\n|-clearallboost\n|move|p1a: Archaludon|Electro Shot||[still]\n|-prepare|p1a: Archaludon|Electro Shot\n|-boost|p1a: Archaludon|spa|1\n|-anim|p1a: Archaludon|Electro Shot|p2a: Rillaboom\n|-resisted|p2a: Rillaboom\n|-damage|p2a: Rillaboom|15\/100\n|\n|-weather|none\n|-heal|p2a: Rillaboom|21\/100|[from] Grassy Terrain\n|-heal|p1a: Archaludon|98\/100|[from] Grassy Terrain\n|upkeep\n|turn|6\n|\n|t:|1734263821\n|move|p1b: Indeedee|Expanding Force|p2a: Rillaboom\n|-damage|p2a: Rillaboom|0 fnt\n|faint|p2a: Rillaboom\n|move|p2b: Dragonite|Scale Shot|p1b: Indeedee\n|-damage|p1b: Indeedee|72\/100\n|-damage|p1b: Indeedee|45\/100\n|-damage|p1b: Indeedee|16\/100\n|-damage|p1b: Indeedee|0 fnt\n|faint|p1b: Indeedee\n|-hitcount|p1: Indeedee|4\n|-unboost|p2b: Dragonite|def|1\n|-boost|p2b: Dragonite|spe|1\n|move|p1a: Archaludon|Flash Cannon|p2b: Dragonite\n|-damage|p2b: Dragonite|0 fnt\n|faint|p2b: Dragonite\n|\n|-heal|p1a: Archaludon|100\/100|[from] Grassy Terrain\n|upkeep\n|l|\u2606zugasteam\n|inactive|zugasteam disconnected and has a minute to reconnect!\n|player|p2|\n|inactive|zugasteam has 30 seconds left.\n|inactive|zugasteam has 20 seconds left.\n|inactive|zugasteam has 15 seconds left.\n|inactive|zugasteam has 10 seconds left.\n|inactive|zugasteam has 5 seconds left.\n|-message|zugasteam lost due to inactivity.\n|\n|win|papixe\n|raw|papixe's rating: 1715 &rarr; <strong>1733<\/strong><br \/>(+18 for winning)\n|raw|zugasteam's rating: 1688 &rarr; <strong>1670<\/strong><br \/>(-18 for losing)\n|l|\u2606papixe\n|player|p1|\n","uploadtime":1734264078,"views":12,"formatid":"gen9vgc2024regh","rating":1670,"private":0,"password":null}