{"id":"gen9vgc2024regh-2264190645","format":"[Gen 9] VGC 2024 Reg H","players":["pys_max","battle styler"],"log":"|j|\u2606pys_max\n|j|\u2606battle styler\n|t:|1734375025\n|gametype|doubles\n|player|p1|pys_max|170|1677\n|player|p2|battle styler|102|1709\n|teamsize|p1|6\n|teamsize|p2|6\n|gen|9\n|tier|[Gen 9] VGC 2024 Reg H\n|rated|\n|rule|Species Clause: Limit one of each Pok\u00e9mon\n|rule|Item Clause: Limit 1 of each item\n|clearpoke\n|poke|p1|Chandelure, L50, M|\n|poke|p1|Ursaluna-Bloodmoon, L50, M|\n|poke|p1|Sneasler, L50, M|\n|poke|p1|Dragonite, L50, F|\n|poke|p1|Kingambit, L50, F|\n|poke|p1|Archaludon, L50, F|\n|poke|p2|Volcarona, L50, M|\n|poke|p2|Rillaboom, L50, M|\n|poke|p2|Sneasler, L50, M|\n|poke|p2|Dragapult, L50, F|\n|poke|p2|Gholdengo, L50|\n|poke|p2|Incineroar, L50, M|\n|teampreview|4\n|\n|t:|1734375081\n|start\n|switch|p1a: Dragonite|Dragonite, L50, F|100\/100\n|switch|p1b: Chandelure|Chandelure, L50, M|100\/100\n|switch|p2a: Sneasler|Sneasler, L50, M|100\/100\n|switch|p2b: Dragapult|Dragapult, L50, F|100\/100\n|turn|1\n|\n|t:|1734375104\n|-terastallize|p2b: Dragapult|Dragon\n|move|p2a: Sneasler|Fake Out|p1a: Dragonite\n|-damage|p1a: Dragonite|93\/100\n|move|p2b: Dragapult|Dragon Darts|p1b: Chandelure\n|-damage|p1b: Chandelure|53\/100\n|-anim|p2b: Dragapult|Dragon Darts|p1a: Dragonite\n|-supereffective|p1a: Dragonite\n|-damage|p1a: Dragonite|0 fnt\n|faint|p1a: Dragonite\n|move|p1b: Chandelure|Trick Room|p1b: Chandelure\n|-fieldstart|move: Trick Room|[of] p1b: Chandelure\n|\n|upkeep\n|\n|t:|1734375112\n|switch|p1a: Ursaluna|Ursaluna-Bloodmoon, L50, M|100\/100\n|turn|2\n|j| axelb1337\n|\n|t:|1734375139\n|switch|p2b: Rillaboom|Rillaboom, L50, M|100\/100\n|-fieldstart|move: Grassy Terrain|[from] ability: Grassy Surge|[of] p2b: Rillaboom\n|-terastallize|p1a: Ursaluna|Poison\n|move|p2a: Sneasler|Protect|p2a: Sneasler\n|-singleturn|p2a: Sneasler|Protect\n|move|p1a: Ursaluna|Hyper Voice|p2a: Sneasler|[spread] p2b\n|-activate|p2a: Sneasler|move: Protect\n|-damage|p2b: Rillaboom|75\/100\n|move|p1b: Chandelure|Shadow Ball|p2b: Rillaboom\n|-damage|p2b: Rillaboom|47\/100\n|\n|-heal|p1b: Chandelure|59\/100|[from] Grassy Terrain\n|-heal|p2b: Rillaboom|53\/100|[from] Grassy Terrain\n|upkeep\n|turn|3\n|\n|t:|1734375162\n|switch|p2a: Dragapult|Dragapult, L50, F, tera:Dragon|100\/100\n|move|p2b: Rillaboom|Fake Out|p1a: Ursaluna\n|-damage|p1a: Ursaluna|92\/100\n|cant|p1a: Ursaluna|flinch\n|move|p1b: Chandelure|Overheat|p2b: Rillaboom\n|-supereffective|p2b: Rillaboom\n|-damage|p2b: Rillaboom|0 fnt\n|-unboost|p1b: Chandelure|spa|2\n|faint|p2b: Rillaboom\n|\n|-heal|p1a: Ursaluna|98\/100|[from] Grassy Terrain\n|-heal|p1b: Chandelure|65\/100|[from] Grassy Terrain\n|upkeep\n|\n|t:|1734375167\n|switch|p2b: Sneasler|Sneasler, L50, M|100\/100\n|turn|4\n|\n|t:|1734375178\n|switch|p1b: Archaludon|Archaludon, L50, F|100\/100\n|move|p2b: Sneasler|Fake Out|p1a: Ursaluna\n|-damage|p1a: Ursaluna|88\/100\n|move|p2a: Dragapult|Sucker Punch||[still]\n|-fail|p2a: Dragapult\n|cant|p1a: Ursaluna|flinch\n|\n|-heal|p1a: Ursaluna|94\/100|[from] Grassy Terrain\n|upkeep\n|turn|5\n|\n|t:|1734375199\n|switch|p2a: Volcarona|Volcarona, L50, M|100\/100\n|move|p2b: Sneasler|Protect|p2b: Sneasler\n|-singleturn|p2b: Sneasler|Protect\n|move|p1a: Ursaluna|Hyper Voice|p2a: Volcarona|[spread] p2a\n|-activate|p2b: Sneasler|move: Protect\n|-damage|p2a: Volcarona|65\/100\n|move|p1b: Archaludon|Electro Shot||[still]\n|-prepare|p1b: Archaludon|Electro Shot\n|-boost|p1b: Archaludon|spa|1\n|-enditem|p1b: Archaludon|Power Herb\n|-anim|p1b: Archaludon|Electro Shot|p2a: Volcarona\n|-damage|p2a: Volcarona|10\/100\n|\n|-heal|p1a: Ursaluna|99\/100|[from] Grassy Terrain\n|-heal|p2a: Volcarona|16\/100|[from] Grassy Terrain\n|-heal|p2a: Volcarona|22\/100|[from] item: Leftovers\n|-fieldend|move: Trick Room\n|upkeep\n|turn|6\n|j| Kpxbrothers\n|\n|t:|1734375227\n|move|p1b: Archaludon|Protect|p1b: Archaludon\n|-singleturn|p1b: Archaludon|Protect\n|move|p2b: Sneasler|Close Combat|p1b: Archaludon\n|-activate|p1b: Archaludon|move: Protect\n|move|p2a: Volcarona|Heat Wave|p1b: Archaludon|[spread] p1a\n|-activate|p1b: Archaludon|move: Protect\n|-damage|p1a: Ursaluna|74\/100\n|move|p1a: Ursaluna|Hyper Voice|p2b: Sneasler|[spread] p2a,p2b\n|-damage|p2a: Volcarona|0 fnt\n|-damage|p2b: Sneasler|41\/100\n|faint|p2a: Volcarona\n|\n|-heal|p2b: Sneasler|47\/100|[from] Grassy Terrain\n|-heal|p1a: Ursaluna|80\/100|[from] Grassy Terrain\n|-fieldend|move: Grassy Terrain\n|upkeep\n|\n|t:|1734375229\n|switch|p2a: Dragapult|Dragapult, L50, F, tera:Dragon|100\/100\n|turn|7\n|\n|t:|1734375257\n|move|p2a: Dragapult|Dragon Darts|p1a: Ursaluna\n|-damage|p1a: Ursaluna|43\/100\n|-anim|p2a: Dragapult|Dragon Darts|p1b: Archaludon\n|-damage|p1b: Archaludon|61\/100\n|-ability|p1b: Archaludon|Stamina|boost\n|-boost|p1b: Archaludon|def|1\n|move|p2b: Sneasler|Close Combat|p1b: Archaludon\n|-supereffective|p1b: Archaludon\n|-damage|p1b: Archaludon|0 fnt\n|-unboost|p2b: Sneasler|def|1\n|-unboost|p2b: Sneasler|spd|1\n|faint|p1b: Archaludon\n|move|p1a: Ursaluna|Hyper Voice|p2a: Dragapult|[spread] p2a,p2b\n|-damage|p2a: Dragapult|46\/100\n|-damage|p2b: Sneasler|0 fnt\n|faint|p2b: Sneasler\n|\n|upkeep\n|\n|t:|1734375271\n|switch|p1b: Chandelure|Chandelure, L50, M|65\/100\n|turn|8\n|c|\u2606battle styler|ggs\n|\n|t:|1734375274\n|move|p2a: Dragapult|Dragon Darts|p1a: Ursaluna\n|-damage|p1a: Ursaluna|8\/100\n|-anim|p2a: Dragapult|Dragon Darts|p1b: Chandelure\n|-damage|p1b: Chandelure|18\/100\n|-enditem|p1b: Chandelure|Sitrus Berry|[eat]\n|-heal|p1b: Chandelure|42\/100|[from] item: Sitrus Berry\n|move|p1a: Ursaluna|Hyper Voice|p2a: Dragapult\n|-damage|p2a: Dragapult|0 fnt\n|faint|p2a: Dragapult\n|\n|win|pys_max\n|raw|pys_max's rating: 1677 &rarr; <strong>1699<\/strong><br \/>(+22 for winning)\n|raw|battle styler's rating: 1709 &rarr; <strong>1687<\/strong><br \/>(-22 for losing)\n|c|\u2606battle styler|can we go again>\n|l|\u2606battle styler\n|player|p2|\n|l| axelb1337\n|l|\u2606pys_max\n|player|p1|\n|l| Kpxbrothers\n","uploadtime":1734375495,"views":7,"formatid":"gen9vgc2024regh","rating":1687,"private":0,"password":null}