{"id":"gen9vgc2024regh-2264798860","format":"[Gen 9] VGC 2024 Reg H","players":["chin8","bwahacough"],"log":"|j|\u2606chin8\n|j|\u2606bwahacough\n|t:|1734456937\n|gametype|doubles\n|player|p1|chin8|gentleman-gen4dp|1673\n|player|p2|bwahacough|medium|1684\n|teamsize|p1|6\n|teamsize|p2|6\n|gen|9\n|tier|[Gen 9] VGC 2024 Reg H\n|rated|\n|rule|Species Clause: Limit one of each Pok\u00e9mon\n|rule|Item Clause: Limit 1 of each item\n|clearpoke\n|poke|p1|Baxcalibur, L50, M|\n|poke|p1|Kilowattrel, L50, F|\n|poke|p1|Granbull, L50, F|\n|poke|p1|Gardevoir, L50, F|\n|poke|p1|Magmortar, L50, F|\n|poke|p1|Gholdengo, L50|\n|poke|p2|Lycanroc, L50, F|\n|poke|p2|Tyranitar, L50, M|\n|poke|p2|Gholdengo, L50|\n|poke|p2|Mamoswine, L50, M|\n|poke|p2|Murkrow, L50, F|\n|poke|p2|Indeedee-F, L50, F|\n|teampreview|4\n|j| Mobile-NWNCC\nbwahacough has agreed to open team sheets.\n|\n|t:|1734456982\n|start\n|switch|p1a: Baxcalibur|Baxcalibur, L50, M|100\/100\n|switch|p1b: Granbull|Granbull, L50, F|100\/100\n|switch|p2a: Lycanroc|Lycanroc, L50, F|100\/100\n|switch|p2b: Tyranitar|Tyranitar, L50, M|100\/100\n|-ability|p1b: Granbull|Intimidate|boost\n|-unboost|p2a: Lycanroc|atk|1\n|-fail|p2b: Tyranitar|unboost|[from] item: Clear Amulet|[of] p2b: Tyranitar\n|-weather|Sandstorm|[from] ability: Sand Stream|[of] p2b: Tyranitar\n|turn|1\n|inactive|Battle timer is ON: inactive players will automatically lose when time's up. (requested by chin8)\n|\n|t:|1734456993\n|switch|p1a: Gholdengo|Gholdengo, L50|100\/100\n|move|p2a: Lycanroc|Rock Slide|p1a: Gholdengo|[spread] p1a,p1b\n|-resisted|p1a: Gholdengo\n|-damage|p1a: Gholdengo|92\/100\n|-damage|p1b: Granbull|76\/100\n|move|p1b: Granbull|Close Combat|p2b: Tyranitar\n|-supereffective|p2b: Tyranitar\n|-damage|p2b: Tyranitar|0 fnt\n|-unboost|p1b: Granbull|def|1\n|-unboost|p1b: Granbull|spd|1\n|faint|p2b: Tyranitar\n|\n|-weather|Sandstorm|[upkeep]\n|-damage|p1b: Granbull|70\/100|[from] Sandstorm\n|-heal|p1a: Gholdengo|98\/100|[from] item: Leftovers\n|upkeep\n|\n|t:|1734456997\n|switch|p2b: Mamoswine|Mamoswine, L50, M|100\/100\n|turn|2\n|\n|t:|1734457011\n|-terastallize|p1a: Gholdengo|Water\n|move|p2b: Mamoswine|Protect|p2b: Mamoswine\n|-singleturn|p2b: Mamoswine|Protect\n|move|p2a: Lycanroc|Bulldoze|p1b: Granbull|[spread] p1a,p1b\n|-activate|p2b: Mamoswine|move: Protect\n|-damage|p1a: Gholdengo|87\/100\n|-damage|p1b: Granbull|52\/100\n|-unboost|p1a: Gholdengo|spe|1\n|move|p1b: Granbull|Play Rough|p2b: Mamoswine\n|-activate|p2b: Mamoswine|move: Protect\n|move|p1a: Gholdengo|Make It Rain|p2a: Lycanroc|[spread] p2a\n|-activate|p2b: Mamoswine|move: Protect\n|-supereffective|p2a: Lycanroc\n|-enditem|p2a: Lycanroc|Focus Sash\n|-damage|p2a: Lycanroc|1\/100\n|-unboost|p1a: Gholdengo|spa|1\n|\n|-weather|Sandstorm|[upkeep]\n|-damage|p1b: Granbull|46\/100|[from] Sandstorm\n|-damage|p1a: Gholdengo|81\/100|[from] Sandstorm\n|-heal|p1a: Gholdengo|87\/100|[from] item: Leftovers\n|upkeep\n|turn|3\n|\n|t:|1734457028\n|switch|p1b: Gardevoir|Gardevoir, L50, F|100\/100\n|-terastallize|p2b: Mamoswine|Ghost\n|move|p2a: Lycanroc|Protect|p2a: Lycanroc\n|-singleturn|p2a: Lycanroc|Protect\n|move|p1a: Gholdengo|Protect|p1a: Gholdengo\n|-singleturn|p1a: Gholdengo|Protect\n|move|p2b: Mamoswine|Earthquake|p1b: Gardevoir|[spread] p1b\n|-activate|p2a: Lycanroc|move: Protect\n|-activate|p1a: Gholdengo|move: Protect\n|-damage|p1b: Gardevoir|38\/100\n|-damage|p2b: Mamoswine|91\/100|[from] item: Life Orb\n|\n|-weather|Sandstorm|[upkeep]\n|-damage|p2b: Mamoswine|85\/100|[from] Sandstorm\n|-damage|p1b: Gardevoir|32\/100|[from] Sandstorm\n|-damage|p1a: Gholdengo|81\/100|[from] Sandstorm\n|-heal|p1a: Gholdengo|87\/100|[from] item: Leftovers\n|upkeep\n|turn|4\n|\n|t:|1734457039\n|move|p2a: Lycanroc|Rock Slide|p1a: Gholdengo|[spread] p1a,p1b\n|-crit|p1b: Gardevoir\n|-damage|p1a: Gholdengo|69\/100\n|-damage|p1b: Gardevoir|0 fnt\n|faint|p1b: Gardevoir\n|move|p2b: Mamoswine|High Horsepower|p1a: Gholdengo\n|-damage|p1a: Gholdengo|12\/100\n|-damage|p2b: Mamoswine|76\/100|[from] item: Life Orb\n|move|p1a: Gholdengo|Shadow Ball|p2b: Mamoswine\n|-supereffective|p2b: Mamoswine\n|-damage|p2b: Mamoswine|0 fnt\n|faint|p2b: Mamoswine\n|\n|-weather|Sandstorm|[upkeep]\n|-damage|p1a: Gholdengo|6\/100|[from] Sandstorm\n|-heal|p1a: Gholdengo|12\/100|[from] item: Leftovers\n|upkeep\n|\n|t:|1734457051\n|switch|p2b: Indeedee|Indeedee-F, L50, F, shiny|100\/100\n|switch|p1b: Granbull|Granbull, L50, F|46\/100\n|-fieldstart|move: Psychic Terrain|[from] ability: Psychic Surge|[of] p2b: Indeedee\n|-ability|p1b: Granbull|Intimidate|boost\n|-unboost|p2a: Lycanroc|atk|1\n|-unboost|p2b: Indeedee|atk|1\n|turn|5\n|j| The_Beast1440\n|\n|t:|1734457066\n|move|p1a: Gholdengo|Protect|p1a: Gholdengo\n|-singleturn|p1a: Gholdengo|Protect\n|move|p2b: Indeedee|Follow Me|p2b: Indeedee\n|-singleturn|p2b: Indeedee|move: Follow Me\n|move|p2a: Lycanroc|Rock Slide|p1b: Granbull|[spread] p1b\n|-activate|p1a: Gholdengo|move: Protect\n|-crit|p1b: Granbull\n|-damage|p1b: Granbull|0 fnt\n|faint|p1b: Granbull\n|\n|-weather|none\n|-heal|p1a: Gholdengo|19\/100|[from] item: Leftovers\n|upkeep\n|\n|t:|1734457073\n|switch|p1b: Baxcalibur|Baxcalibur, L50, M|100\/100\n|turn|6\n|\n|t:|1734457084\n|move|p2a: Lycanroc|Close Combat|p1a: Gholdengo\n|-damage|p1a: Gholdengo|0 fnt\n|-unboost|p2a: Lycanroc|def|1\n|-unboost|p2a: Lycanroc|spd|1\n|faint|p1a: Gholdengo\n|move|p1b: Baxcalibur|Earthquake|p2b: Indeedee|[spread] p2a,p2b\n|-supereffective|p2a: Lycanroc\n|-damage|p2a: Lycanroc|0 fnt\n|-damage|p2b: Indeedee|73\/100\n|faint|p2a: Lycanroc\n|move|p2b: Indeedee|Psychic|p1b: Baxcalibur\n|-damage|p1b: Baxcalibur|78\/100\n|\n|upkeep\n|turn|7\n|\n|t:|1734457088\n|move|p1b: Baxcalibur|Icicle Crash|p2b: Indeedee\n|-crit|p2b: Indeedee\n|-damage|p2b: Indeedee|4\/100\n|move|p2b: Indeedee|Psychic|p1b: Baxcalibur\n|-damage|p1b: Baxcalibur|58\/100\n|\n|upkeep\n|turn|8\n|\n|t:|1734457093\n|move|p1b: Baxcalibur|Glaive Rush|p2b: Indeedee\n|-damage|p2b: Indeedee|0 fnt\n|-singlemove|p1b: Baxcalibur|Glaive Rush|[silent]\n|faint|p2b: Indeedee\n|\n|win|chin8\n|raw|chin8's rating: 1673 &rarr; <strong>1694<\/strong><br \/>(+21 for winning)\n|raw|bwahacough's rating: 1684 &rarr; <strong>1663<\/strong><br \/>(-21 for losing)\n|l|\u2606chin8\n|player|p1|\n|l|\u2606bwahacough\n|player|p2|\n|l| The_Beast1440\n|l| Mobile-NWNCC\n","uploadtime":1734457307,"views":22,"formatid":"gen9vgc2024regh","rating":1663,"private":0,"password":null}