{"id":"gen9vgc2024regh-2264802900","format":"[Gen 9] VGC 2024 Reg H","players":["Bef6","bwahacough"],"log":"|j|\u2606Bef6\n|j|\u2606bwahacough\n|t:|1734457345\n|gametype|doubles\n|player|p1|Bef6|lucas|1691\n|player|p2|bwahacough|medium|1699\n|teamsize|p1|6\n|teamsize|p2|6\n|gen|9\n|tier|[Gen 9] VGC 2024 Reg H\n|rated|\n|rule|Species Clause: Limit one of each Pok\u00e9mon\n|rule|Item Clause: Limit 1 of each item\n|clearpoke\n|poke|p1|Archaludon, L50, M|\n|poke|p1|Pelipper, L50, F|\n|poke|p1|Annihilape, L50, F|\n|poke|p1|Grimmsnarl, L50, M|\n|poke|p1|Sinistcha, L50|\n|poke|p1|Ursaluna, L50, F|\n|poke|p2|Lycanroc, L50, F|\n|poke|p2|Tyranitar, L50, M|\n|poke|p2|Gholdengo, L50|\n|poke|p2|Mamoswine, L50, M|\n|poke|p2|Murkrow, L50, F|\n|poke|p2|Indeedee-F, L50, F|\n|teampreview|4\n|\n|t:|1734457368\n|start\n|switch|p1a: Archaludon|Archaludon, L50, M|100\/100\n|switch|p1b: Grimmsnarl|Grimmsnarl, L50, M|100\/100\n|switch|p2a: Mamoswine|Mamoswine, L50, M|100\/100\n|switch|p2b: Gholdengo|Gholdengo, L50|100\/100\n|turn|1\n|\n|t:|1734457384\n|-terastallize|p2b: Gholdengo|Steel\n|move|p1b: Grimmsnarl|Reflect|p1b: Grimmsnarl\n|-sidestart|p1: Bef6|Reflect\n|move|p2a: Mamoswine|High Horsepower|p1a: Archaludon\n|-supereffective|p1a: Archaludon\n|-damage|p1a: Archaludon|42\/100\n|-ability|p1a: Archaludon|Stamina|boost\n|-boost|p1a: Archaludon|def|1\n|-damage|p2a: Mamoswine|91\/100|[from] item: Life Orb\n|move|p2b: Gholdengo|Make It Rain|p1b: Grimmsnarl|[spread] p1a,p1b\n|-resisted|p1a: Archaludon\n|-supereffective|p1b: Grimmsnarl\n|-damage|p1a: Archaludon|7\/100\n|-damage|p1b: Grimmsnarl|0 fnt\n|-unboost|p2b: Gholdengo|spa|1\n|-ability|p1a: Archaludon|Stamina|boost\n|-boost|p1a: Archaludon|def|1\n|faint|p1b: Grimmsnarl\n|move|p1a: Archaludon|Snarl|p2a: Mamoswine|[spread] p2a,p2b\n|-damage|p2a: Mamoswine|74\/100\n|-damage|p2b: Gholdengo|86\/100\n|-unboost|p2a: Mamoswine|spa|1\n|-unboost|p2b: Gholdengo|spa|1\n|\n|upkeep\n|\n|t:|1734457390\n|switch|p1b: Sinistcha|Sinistcha, L50|100\/100\n|-heal|p1a: Archaludon|32\/100|[from] ability: Hospitality|[of] p1b: Sinistcha\n|turn|2\n|\n|t:|1734457419\n|-terastallize|p1b: Sinistcha|Dark\n|move|p2a: Mamoswine|High Horsepower|p1a: Archaludon\n|-supereffective|p1a: Archaludon\n|-damage|p1a: Archaludon|2\/100\n|-ability|p1a: Archaludon|Stamina|boost\n|-boost|p1a: Archaludon|def|1\n|-damage|p2a: Mamoswine|64\/100|[from] item: Life Orb\n|move|p2b: Gholdengo|Make It Rain|p1b: Sinistcha|[spread] p1a,p1b\n|-resisted|p1a: Archaludon\n|-damage|p1a: Archaludon|0 fnt\n|-damage|p1b: Sinistcha|57\/100\n|-unboost|p2b: Gholdengo|spa|1\n|faint|p1a: Archaludon\n|move|p1b: Sinistcha|Trick Room|p1b: Sinistcha\n|-fieldstart|move: Trick Room|[of] p1b: Sinistcha\n|\n|upkeep\n|\n|t:|1734457423\n|switch|p1a: Ursaluna|Ursaluna, L50, F|100\/100\n|turn|3\n|\n|t:|1734457430\n|switch|p2b: Indeedee|Indeedee-F, L50, F, shiny|100\/100\n|-fieldstart|move: Psychic Terrain|[from] ability: Psychic Surge|[of] p2b: Indeedee\n|move|p2a: Mamoswine|Protect|p2a: Mamoswine\n|-singleturn|p2a: Mamoswine|Protect\n|move|p1b: Sinistcha|Matcha Gotcha|p2b: Indeedee|[spread] p2b\n|-activate|p2a: Mamoswine|move: Protect\n|-damage|p2b: Indeedee|77\/100\n|-heal|p1b: Sinistcha|69\/100|[from] drain|[of] p2b: Indeedee\n|-status|p2b: Indeedee|brn\n|move|p1a: Ursaluna|Earthquake|p2b: Indeedee|[spread] p1b,p2b\n|-activate|p2a: Mamoswine|move: Protect\n|-damage|p1b: Sinistcha|44\/100\n|-damage|p2b: Indeedee|33\/100 brn\n|-enditem|p1b: Sinistcha|Sitrus Berry|[eat]\n|-heal|p1b: Sinistcha|69\/100|[from] item: Sitrus Berry\n|\n|-damage|p2b: Indeedee|26\/100 brn|[from] brn\n|-status|p1a: Ursaluna|brn|[from] item: Flame Orb\n|upkeep\n|turn|4\n|\n|t:|1734457452\n|switch|p2a: Tyranitar|Tyranitar, L50, M|100\/100\n|-weather|Sandstorm|[from] ability: Sand Stream|[of] p2a: Tyranitar\n|move|p2b: Indeedee|Protect|p2b: Indeedee\n|-singleturn|p2b: Indeedee|Protect\n|move|p1b: Sinistcha|Matcha Gotcha|p2b: Indeedee|[spread] p2a\n|-activate|p2b: Indeedee|move: Protect\n|-supereffective|p2a: Tyranitar\n|-damage|p2a: Tyranitar|71\/100\n|-heal|p1b: Sinistcha|86\/100|[from] drain|[of] p2a: Tyranitar\n|move|p1a: Ursaluna|Earthquake|p2a: Tyranitar|[spread] p1b,p2a\n|-activate|p2b: Indeedee|move: Protect\n|-supereffective|p2a: Tyranitar\n|-damage|p1b: Sinistcha|49\/100\n|-damage|p2a: Tyranitar|0 fnt\n|faint|p2a: Tyranitar\n|\n|-weather|Sandstorm|[upkeep]\n|-damage|p1b: Sinistcha|43\/100|[from] Sandstorm\n|-damage|p1a: Ursaluna|95\/100 brn|[from] brn\n|-damage|p2b: Indeedee|20\/100 brn|[from] brn\n|upkeep\n|\n|t:|1734457460\n|switch|p2a: Mamoswine|Mamoswine, L50, M|64\/100\n|turn|5\n|\n|t:|1734457465\n|move|p2b: Indeedee|Protect||[still]\n|-fail|p2b: Indeedee\n|move|p2a: Mamoswine|Protect|p2a: Mamoswine\n|-singleturn|p2a: Mamoswine|Protect\n|move|p1b: Sinistcha|Matcha Gotcha|p2a: Mamoswine|[spread] p2b\n|-activate|p2a: Mamoswine|move: Protect\n|-damage|p2b: Indeedee|0 fnt\n|-heal|p1b: Sinistcha|53\/100|[from] drain|[of] p2b: Indeedee\n|faint|p2b: Indeedee\n|move|p1a: Ursaluna|Facade|p2a: Mamoswine\n|-activate|p2a: Mamoswine|move: Protect\n|\n|-weather|Sandstorm|[upkeep]\n|-damage|p1b: Sinistcha|47\/100|[from] Sandstorm\n|-damage|p1a: Ursaluna|89\/100 brn|[from] brn\n|upkeep\n|\n|t:|1734457467\n|switch|p2b: Gholdengo|Gholdengo, L50, tera:Steel|86\/100\n|turn|6\n|\n|t:|1734457476\n|move|p2a: Mamoswine|Protect|p2a: Mamoswine\n|-singleturn|p2a: Mamoswine|Protect\n|move|p1b: Sinistcha|Matcha Gotcha|p2b: Gholdengo|[spread] p2b\n|-activate|p2a: Mamoswine|move: Protect\n|-resisted|p2b: Gholdengo\n|-damage|p2b: Gholdengo|72\/100\n|-heal|p1b: Sinistcha|53\/100|[from] drain|[of] p2b: Gholdengo\n|-status|p2b: Gholdengo|brn\n|move|p1a: Ursaluna|Earthquake|p2a: Mamoswine|[spread] p1b,p2b\n|-activate|p2a: Mamoswine|move: Protect\n|-supereffective|p2b: Gholdengo\n|-damage|p1b: Sinistcha|15\/100\n|-damage|p2b: Gholdengo|0 fnt\n|faint|p2b: Gholdengo\n|\n|-weather|Sandstorm|[upkeep]\n|-damage|p1b: Sinistcha|9\/100|[from] Sandstorm\n|-damage|p1a: Ursaluna|83\/100 brn|[from] brn\n|-fieldend|move: Trick Room\n|upkeep\n|turn|7\n|j| Mobile-NWNCC\n|\n|t:|1734457484\n|move|p1b: Sinistcha|Rage Powder|p1b: Sinistcha\n|-singleturn|p1b: Sinistcha|move: Rage Powder\n|move|p2a: Mamoswine|Icicle Crash|p1b: Sinistcha\n|-damage|p1b: Sinistcha|0 fnt\n|faint|p1b: Sinistcha\n|-damage|p2a: Mamoswine|54\/100|[from] item: Life Orb\n|move|p1a: Ursaluna|Facade|p2a: Mamoswine\n|-damage|p2a: Mamoswine|0 fnt\n|faint|p2a: Mamoswine\n|\n|win|Bef6\n|raw|Bef6's rating: 1691 &rarr; <strong>1711<\/strong><br \/>(+20 for winning)\n|raw|bwahacough's rating: 1699 &rarr; <strong>1679<\/strong><br \/>(-20 for losing)\n|l|\u2606bwahacough\n|player|p2|\n|l|\u2606Bef6\n|player|p1|\n","uploadtime":1734457725,"views":12,"formatid":"gen9vgc2024regh","rating":1679,"private":0,"password":null}