{"id":"gen9vgc2024regh-2264989236","format":"[Gen 9] VGC 2024 Reg H","players":["Cellpab1","Hurric4ne Tracker"],"log":"|j|\u2606Cellpab1\n|j|\u2606Hurric4ne Tracker\n|t:|1734477379\n|gametype|doubles\n|player|p1|Cellpab1|101|1656\n|player|p2|Hurric4ne Tracker|interviewers|1690\n|teamsize|p1|6\n|teamsize|p2|6\n|gen|9\n|tier|[Gen 9] VGC 2024 Reg H\n|rated|\n|rule|Species Clause: Limit one of each Pok\u00e9mon\n|rule|Item Clause: Limit 1 of each item\n|clearpoke\n|poke|p1|Ninetales-Alola, L50, M|\n|poke|p1|Gholdengo, L50|\n|poke|p1|Dragonite, L50, F|\n|poke|p1|Primarina, L50, F|\n|poke|p1|Incineroar, L50, M|\n|poke|p1|Rillaboom, L50, F|\n|poke|p2|Sneasler, L50, F|\n|poke|p2|Dondozo, L50, F|\n|poke|p2|Tatsugiri, L50, F|\n|poke|p2|Rillaboom, L50, M|\n|poke|p2|Kilowattrel, L50, F|\n|poke|p2|Dragonite, L50, F|\n|teampreview|4\n|\n|t:|1734477439\n|start\n|switch|p1a: Dragonite|Dragonite, L50, F|100\/100\n|switch|p1b: Gholdengo|Gholdengo, L50|100\/100\n|switch|p2a: Kilowattrel|Kilowattrel, L50, F|100\/100\n|switch|p2b: Sneasler|Sneasler, L50, F|100\/100\n|turn|1\n|inactive|Battle timer is ON: inactive players will automatically lose when time's up. (requested by Cellpab1)\n|inactive|Cellpab1 has 60 seconds left.\n|\n|t:|1734477473\n|move|p2a: Kilowattrel|Thunderbolt|p1a: Dragonite\n|-damage|p1a: Dragonite|77\/100\n|move|p2b: Sneasler|Dire Claw|p1a: Dragonite\n|-damage|p1a: Dragonite|29\/100\n|-status|p1a: Dragonite|par\n|move|p1b: Gholdengo|Nasty Plot|p1b: Gholdengo\n|-boost|p1b: Gholdengo|spa|2\n|cant|p1a: Dragonite|par\n|\n|upkeep\n|turn|2\n|inactive|Cellpab1 has 30 seconds left.\n|inactive|Cellpab1 has 20 seconds left.\n|\n|t:|1734477511\n|move|p1a: Dragonite|Extreme Speed|p2a: Kilowattrel\n|-damage|p2a: Kilowattrel|47\/100\n|move|p2a: Kilowattrel|Thunderbolt|p1b: Gholdengo\n|-damage|p1b: Gholdengo|62\/100\n|move|p2b: Sneasler|Dire Claw|p1a: Dragonite\n|-damage|p1a: Dragonite|0 fnt\n|faint|p1a: Dragonite\n|move|p1b: Gholdengo|Make It Rain|p2b: Sneasler|[spread] p2a,p2b\n|-resisted|p2a: Kilowattrel\n|-damage|p2a: Kilowattrel|0 fnt\n|-enditem|p2b: Sneasler|Focus Sash\n|-damage|p2b: Sneasler|1\/100\n|-unboost|p1b: Gholdengo|spa|1\n|faint|p2a: Kilowattrel\n|\n|-heal|p1b: Gholdengo|69\/100|[from] item: Leftovers\n|upkeep\n|inactive|Cellpab1 has 30 seconds left.\n|\n|t:|1734477536\n|switch|p2a: Dondozo|Dondozo, L50, F|100\/100\n|switch|p1a: Primarina|Primarina, L50, F|100\/100\n|turn|3\n|inactive|Hurric4ne Tracker has 30 seconds left.\n|inactive|Cellpab1 has 30 seconds left.\n|inactive|Hurric4ne Tracker has 20 seconds left.\n|inactive|Cellpab1 has 20 seconds left.\n|inactive|Hurric4ne Tracker has 15 seconds left.\n|inactive|Cellpab1 has 15 seconds left.\n|inactive|Hurric4ne Tracker has 10 seconds left.\n|inactive|Cellpab1 has 10 seconds left.\n|inactive|Hurric4ne Tracker has 5 seconds left.\n|inactive|Cellpab1 has 5 seconds left.\n|\n|t:|1734477594\n|switch|p1a: Ninetales|Ninetales-Alola, L50, M|100\/100\n|-weather|Snow|[from] ability: Snow Warning|[of] p1a: Ninetales\n|move|p2b: Sneasler|Dire Claw|p1b: Gholdengo\n|-immune|p1b: Gholdengo\n|move|p1b: Gholdengo|Make It Rain|p2b: Sneasler|[spread] p2a,p2b\n|-resisted|p2a: Dondozo\n|-damage|p2a: Dondozo|77\/100\n|-damage|p2b: Sneasler|0 fnt\n|-unboost|p1b: Gholdengo|spa|1\n|faint|p2b: Sneasler\n|move|p2a: Dondozo|Earthquake|p1a: Ninetales|[spread] p1a,p1b\n|-supereffective|p1b: Gholdengo\n|-damage|p1a: Ninetales|78\/100\n|-damage|p1b: Gholdengo|22\/100\n|\n|-weather|Snow|[upkeep]\n|-heal|p1b: Gholdengo|28\/100|[from] item: Leftovers\n|-heal|p2a: Dondozo|83\/100|[from] item: Leftovers\n|upkeep\n|\n|t:|1734477599\n|switch|p2b: Tatsugiri|Tatsugiri, L50, F, shiny|100\/100\n|-activate|p2b: Tatsugiri|ability: Commander|[of] p2a: Dondozo\n|-boost|p2a: Dondozo|atk|2\n|-boost|p2a: Dondozo|spa|2\n|-boost|p2a: Dondozo|spe|2\n|-boost|p2a: Dondozo|def|2\n|-boost|p2a: Dondozo|spd|2\n|turn|4\n|inactive|Cellpab1 has 30 seconds left.\n|inactive|Cellpab1 has 20 seconds left.\n|inactive|Cellpab1 has 15 seconds left.\n|inactive|Cellpab1 has 10 seconds left.\n|inactive|Cellpab1 has 5 seconds left.\n|\n|t:|1734477649\n|-terastallize|p2a: Dondozo|Dragon\n|-terastallize|p1b: Gholdengo|Water\n|move|p1a: Ninetales|Icy Wind|p2b: Tatsugiri|[spread] p2a\n|-miss|p1a: Ninetales|p2b: Tatsugiri\n|-supereffective|p2a: Dondozo\n|-damage|p2a: Dondozo|65\/100\n|-unboost|p2a: Dondozo|spe|1\n|move|p1b: Gholdengo|Shadow Ball|p2a: Dondozo\n|-damage|p2a: Dondozo|43\/100\n|move|p2a: Dondozo|Wave Crash|p1a: Ninetales\n|-damage|p1a: Ninetales|0 fnt\n|faint|p1a: Ninetales\n|-damage|p2a: Dondozo|26\/100|[from] Recoil\n|\n|-weather|Snow|[upkeep]\n|-heal|p1b: Gholdengo|34\/100|[from] item: Leftovers\n|-heal|p2a: Dondozo|32\/100|[from] item: Leftovers\n|upkeep\n|\n|t:|1734477668\n|switch|p1a: Primarina|Primarina, L50, F|100\/100\n|turn|5\n|inactive|Cellpab1 has 30 seconds left.\n|inactive|Hurric4ne Tracker has 30 seconds left.\n|\n|t:|1734477703\n|move|p1b: Gholdengo|Nasty Plot|p1b: Gholdengo\n|-boost|p1b: Gholdengo|spa|2\n|move|p2a: Dondozo|Wave Crash|p1a: Primarina\n|-resisted|p1a: Primarina\n|-damage|p1a: Primarina|39\/100\n|-damage|p2a: Dondozo|17\/100|[from] Recoil\n|move|p1a: Primarina|Moonblast|p2a: Dondozo\n|-supereffective|p2a: Dondozo\n|-damage|p2a: Dondozo|0 fnt\n|faint|p2a: Dondozo\n|\n|-weather|Snow|[upkeep]\n|-heal|p1b: Gholdengo|41\/100|[from] item: Leftovers\n|upkeep\n|turn|6\n|inactive|Hurric4ne Tracker has 30 seconds left.\n|inactive|Hurric4ne Tracker has 20 seconds left.\n|inactive|Hurric4ne Tracker has 15 seconds left.\n|\n|t:|1734477744\n|move|p2b: Tatsugiri|Muddy Water|p1b: Gholdengo|[spread] p1a,p1b\n|-resisted|p1a: Primarina\n|-resisted|p1b: Gholdengo\n|-damage|p1a: Primarina|25\/100\n|-damage|p1b: Gholdengo|23\/100\n|-unboost|p1a: Primarina|accuracy|1\n|move|p1b: Gholdengo|Shadow Ball|p2b: Tatsugiri\n|-damage|p2b: Tatsugiri|0 fnt\n|faint|p2b: Tatsugiri\n|\n|win|Cellpab1\n|raw|Cellpab1's rating: 1656 &rarr; <strong>1678<\/strong><br \/>(+22 for winning)\n|raw|Hurric4ne Tracker's rating: 1690 &rarr; <strong>1668<\/strong><br \/>(-22 for losing)\n|l|\u2606Hurric4ne Tracker\n|player|p2|\n|l|\u2606Cellpab1\n|player|p1|\n","uploadtime":1734477946,"views":15,"formatid":"gen9vgc2024regh","rating":1668,"private":0,"password":null}