{"id":"gen9vgc2024regh-2264098552","format":"[Gen 9] VGC 2024 Reg H","players":["Bef6","battle styler"],"log":"|j|\u2606Bef6\n|j|\u2606battle styler\n|t:|1734365924\n|gametype|doubles\n|player|p1|Bef6|lucas|1649\n|player|p2|battle styler|102|1705\n|teamsize|p1|6\n|teamsize|p2|6\n|gen|9\n|tier|[Gen 9] VGC 2024 Reg H\n|rated|\n|rule|Species Clause: Limit one of each Pok\u00e9mon\n|rule|Item Clause: Limit 1 of each item\n|clearpoke\n|poke|p1|Archaludon, L50, M|\n|poke|p1|Pelipper, L50, M|\n|poke|p1|Annihilape, L50, M|\n|poke|p1|Grimmsnarl, L50, M|\n|poke|p1|Sinistcha, L50|\n|poke|p1|Ursaluna, L50, F|\n|poke|p2|Volcarona, L50, M|\n|poke|p2|Rillaboom, L50, M|\n|poke|p2|Sneasler, L50, M|\n|poke|p2|Dragapult, L50, M|\n|poke|p2|Gholdengo, L50|\n|poke|p2|Incineroar, L50, M|\n|teampreview|4\n|inactive|Battle timer is ON: inactive players will automatically lose when time's up. (requested by battle styler)\n|\n|t:|1734365965\n|start\n|switch|p1a: Archaludon|Archaludon, L50, M|100\/100\n|switch|p1b: Pelipper|Pelipper, L50, M|100\/100\n|switch|p2a: Dragapult|Dragapult, L50, M|100\/100\n|switch|p2b: Sneasler|Sneasler, L50, M|100\/100\n|-weather|RainDance|[from] ability: Drizzle|[of] p1b: Pelipper\n|turn|1\n|\n|t:|1734365977\n|move|p2a: Dragapult|Dragon Darts|p1a: Archaludon\n|-damage|p1a: Archaludon|78\/100\n|-ability|p1a: Archaludon|Stamina|boost\n|-boost|p1a: Archaludon|def|1\n|-anim|p2a: Dragapult|Dragon Darts|p1b: Pelipper\n|-damage|p1b: Pelipper|52\/100\n|move|p2b: Sneasler|Dire Claw|p1b: Pelipper\n|-damage|p1b: Pelipper|0 fnt\n|faint|p1b: Pelipper\n|move|p1a: Archaludon|Electro Shot||[still]\n|-prepare|p1a: Archaludon|Electro Shot\n|-boost|p1a: Archaludon|spa|1\n|-anim|p1a: Archaludon|Electro Shot|p2b: Sneasler\n|-damage|p2b: Sneasler|30\/100\n|\n|-weather|RainDance|[upkeep]\n|upkeep\n|\n|t:|1734365981\n|switch|p1b: Sinistcha|Sinistcha, L50|100\/100\n|-heal|p1a: Archaludon|100\/100|[from] ability: Hospitality|[of] p1b: Sinistcha\n|turn|2\n|\n|t:|1734365989\n|move|p2a: Dragapult|Dragon Darts|p1a: Archaludon\n|-damage|p1a: Archaludon|85\/100\n|-ability|p1a: Archaludon|Stamina|boost\n|-boost|p1a: Archaludon|def|1\n|-anim|p2a: Dragapult|Dragon Darts|p1b: Sinistcha\n|-damage|p1b: Sinistcha|66\/100\n|move|p2b: Sneasler|Dire Claw|p1b: Sinistcha\n|-damage|p1b: Sinistcha|27\/100\n|-status|p1b: Sinistcha|slp\n|-enditem|p1b: Sinistcha|Sitrus Berry|[eat]\n|-heal|p1b: Sinistcha|52\/100 slp|[from] item: Sitrus Berry\n|move|p1a: Archaludon|Electro Shot||[still]\n|-prepare|p1a: Archaludon|Electro Shot\n|-boost|p1a: Archaludon|spa|1\n|-anim|p1a: Archaludon|Electro Shot|p2b: Sneasler\n|-damage|p2b: Sneasler|0 fnt\n|faint|p2b: Sneasler\n|cant|p1b: Sinistcha|slp\n|\n|-weather|RainDance|[upkeep]\n|upkeep\n|\n|t:|1734366000\n|switch|p2b: Volcarona|Volcarona, L50, M|100\/100\n|turn|3\n|\n|t:|1734366009\n|move|p2a: Dragapult|Dragon Darts|p1b: Sinistcha\n|-damage|p1b: Sinistcha|18\/100 slp\n|-anim|p2a: Dragapult|Dragon Darts|p1a: Archaludon\n|-damage|p1a: Archaludon|72\/100\n|-ability|p1a: Archaludon|Stamina|boost\n|-boost|p1a: Archaludon|def|1\n|move|p2b: Volcarona|Quiver Dance|p2b: Volcarona\n|-boost|p2b: Volcarona|spa|1\n|-boost|p2b: Volcarona|spd|1\n|-boost|p2b: Volcarona|spe|1\n|move|p1a: Archaludon|Electro Shot||[still]\n|-prepare|p1a: Archaludon|Electro Shot\n|-boost|p1a: Archaludon|spa|1\n|-anim|p1a: Archaludon|Electro Shot|p2b: Volcarona\n|-damage|p2b: Volcarona|48\/100\n|cant|p1b: Sinistcha|slp\n|\n|-weather|RainDance|[upkeep]\n|-heal|p2b: Volcarona|54\/100|[from] item: Leftovers\n|upkeep\n|turn|4\n|\n|t:|1734366031\n|switch|p1b: Ursaluna|Ursaluna, L50, F|100\/100\n|-terastallize|p2b: Volcarona|Fairy\n|move|p2b: Volcarona|Tera Blast|p1a: Archaludon|[anim] Tera Blast Fairy\n|-damage|p1a: Archaludon|35\/100\n|-ability|p1a: Archaludon|Stamina|boost\n|-boost|p1a: Archaludon|def|1\n|move|p2a: Dragapult|Dragon Darts|p1b: Ursaluna\n|-damage|p1b: Ursaluna|72\/100\n|-anim|p2a: Dragapult|Dragon Darts|p1a: Archaludon\n|-damage|p1a: Archaludon|27\/100\n|-ability|p1a: Archaludon|Stamina|boost\n|-boost|p1a: Archaludon|def|1\n|move|p1a: Archaludon|Snarl|p2a: Dragapult|[spread] p2a,p2b\n|-supereffective|p2a: Dragapult\n|-resisted|p2b: Volcarona\n|-damage|p2a: Dragapult|24\/100\n|-damage|p2b: Volcarona|45\/100\n|-unboost|p2b: Volcarona|spa|1\n|\n|-weather|RainDance|[upkeep]\n|-heal|p2b: Volcarona|51\/100|[from] item: Leftovers\n|-status|p1b: Ursaluna|brn|[from] item: Flame Orb\n|upkeep\n|turn|5\n|\n|t:|1734366048\n|switch|p1b: Sinistcha|Sinistcha, L50|18\/100 slp\n|-heal|p1a: Archaludon|52\/100|[from] ability: Hospitality|[of] p1b: Sinistcha\n|move|p2b: Volcarona|Protect|p2b: Volcarona\n|-singleturn|p2b: Volcarona|Protect\n|move|p2a: Dragapult|Dragon Darts|p1b: Sinistcha\n|-damage|p1b: Sinistcha|0 fnt\n|-anim|p2a: Dragapult|Dragon Darts|p1a: Archaludon\n|-damage|p1a: Archaludon|45\/100\n|-ability|p1a: Archaludon|Stamina|boost\n|-boost|p1a: Archaludon|def|1\n|faint|p1b: Sinistcha\n|move|p1a: Archaludon|Snarl|p2b: Volcarona|[spread] p2a\n|-activate|p2b: Volcarona|move: Protect\n|-supereffective|p2a: Dragapult\n|-damage|p2a: Dragapult|0 fnt\n|faint|p2a: Dragapult\n|\n|-weather|none\n|-heal|p2b: Volcarona|57\/100|[from] item: Leftovers\n|upkeep\n|\n|t:|1734366057\n|switch|p2a: Rillaboom|Rillaboom, L50, M|100\/100\n|switch|p1b: Ursaluna|Ursaluna, L50, F|72\/100 brn\n|-fieldstart|move: Grassy Terrain|[from] ability: Grassy Surge|[of] p2a: Rillaboom\n|turn|6\n|\n|t:|1734366062\n|-terastallize|p1b: Ursaluna|Ghost\n|move|p2a: Rillaboom|Grassy Glide|p1b: Ursaluna\n|-damage|p1b: Ursaluna|47\/100 brn\n|move|p2b: Volcarona|Heat Wave|p1b: Ursaluna|[spread] p1a,p1b\n|-crit|p1a: Archaludon\n|-damage|p1a: Archaludon|10\/100\n|-damage|p1b: Ursaluna|11\/100 brn\n|move|p1a: Archaludon|Flash Cannon|p2b: Volcarona\n|-supereffective|p2b: Volcarona\n|-damage|p2b: Volcarona|0 fnt\n|faint|p2b: Volcarona\n|move|p1b: Ursaluna|Facade|p2a: Rillaboom\n|-damage|p2a: Rillaboom|0 fnt\n|faint|p2a: Rillaboom\n|\n|win|Bef6\n|raw|Bef6's rating: 1649 &rarr; <strong>1672<\/strong><br \/>(+23 for winning)\n|raw|battle styler's rating: 1705 &rarr; <strong>1682<\/strong><br \/>(-23 for losing)\n|l|\u2606battle styler\n|player|p2|\n|l|\u2606Bef6\n|player|p1|\n|j| jjejejejeejej\n","uploadtime":1734366222,"views":24,"formatid":"gen9vgc2024regh","rating":1672,"private":0,"password":null}