{"id":"gen9vgc2024regh-2264587332","format":"[Gen 9] VGC 2024 Reg H","players":["ttps65","pys_max"],"log":"|j|\u2606ttps65\n|j|\u2606pys_max\n|t:|1734429993\n|gametype|doubles\n|player|p1|ttps65|lucas|1712\n|player|p2|pys_max|2|1700\n|teamsize|p1|6\n|teamsize|p2|6\n|gen|9\n|tier|[Gen 9] VGC 2024 Reg H\n|rated|\n|rule|Species Clause: Limit one of each Pok\u00e9mon\n|rule|Item Clause: Limit 1 of each item\n|clearpoke\n|poke|p1|Annihilape, L50, F|\n|poke|p1|Dragonite, L50, M|\n|poke|p1|Archaludon, L50, F|\n|poke|p1|Ninetales-Alola, L50, F|\n|poke|p1|Kingambit, L50, M|\n|poke|p1|Incineroar, L50, F|\n|poke|p2|Chandelure, L50, F|\n|poke|p2|Ursaluna-Bloodmoon, L50, M|\n|poke|p2|Sneasler, L50, F|\n|poke|p2|Dragonite, L50, M|\n|poke|p2|Kingambit, L50, F|\n|poke|p2|Archaludon, L50, F|\n|teampreview|4\n|\n|t:|1734430027\n|start\n|switch|p1a: Annihilape|Annihilape, L50, F|100\/100\n|switch|p1b: Dragonite|Dragonite, L50, M|100\/100\n|switch|p2a: Chandelure|Chandelure, L50, F|100\/100\n|switch|p2b: Sneasler|Sneasler, L50, F|100\/100\n|turn|1\n|\n|t:|1734430048\n|-terastallize|p1a: Annihilape|Water\n|move|p1b: Dragonite|Protect|p1b: Dragonite\n|-singleturn|p1b: Dragonite|Protect\n|move|p2b: Sneasler|Fake Out|p1b: Dragonite\n|-activate|p1b: Dragonite|move: Protect\n|move|p1a: Annihilape|Coaching|p1b: Dragonite\n|-boost|p1b: Dragonite|atk|1\n|-boost|p1b: Dragonite|def|1\n|move|p2a: Chandelure|Trick Room|p2a: Chandelure\n|-fieldstart|move: Trick Room|[of] p2a: Chandelure\n|\n|upkeep\n|turn|2\n|\n|t:|1734430073\n|switch|p2b: Archaludon|Archaludon, L50, F|100\/100\n|move|p2a: Chandelure|Shadow Ball|p1b: Dragonite\n|-damage|p1b: Dragonite|76\/100\n|move|p1b: Dragonite|Scale Shot|p2a: Chandelure\n|-damage|p2a: Chandelure|80\/100\n|-damage|p2a: Chandelure|59\/100\n|-damage|p2a: Chandelure|38\/100\n|-enditem|p2a: Chandelure|Sitrus Berry|[eat]\n|-heal|p2a: Chandelure|63\/100|[from] item: Sitrus Berry\n|-damage|p2a: Chandelure|42\/100\n|-damage|p2a: Chandelure|23\/100\n|-hitcount|p2a: Chandelure|5\n|-unboost|p1b: Dragonite|def|1\n|-boost|p1b: Dragonite|spe|1\n|move|p1a: Annihilape|Rage Fist|p2b: Archaludon\n|-damage|p2b: Archaludon|82\/100\n|-ability|p2b: Archaludon|Stamina|boost\n|-boost|p2b: Archaludon|def|1\n|\n|upkeep\n|turn|3\n|\n|t:|1734430112\n|switch|p1a: Kingambit|Kingambit, L50, M|100\/100\n|move|p2a: Chandelure|Shadow Ball|p1b: Dragonite\n|-damage|p1b: Dragonite|26\/100\n|move|p2b: Archaludon|Electro Shot||[still]\n|-prepare|p2b: Archaludon|Electro Shot\n|-boost|p2b: Archaludon|spa|1\n|-enditem|p2b: Archaludon|Power Herb\n|-anim|p2b: Archaludon|Electro Shot|p1a: Kingambit\n|-damage|p1a: Kingambit|53\/100\n|move|p1b: Dragonite|Scale Shot|p2a: Chandelure\n|-damage|p2a: Chandelure|0 fnt\n|faint|p2a: Chandelure\n|-hitcount|p2: Chandelure|1\n|-unboost|p1b: Dragonite|def|1\n|-boost|p1b: Dragonite|spe|1\n|\n|upkeep\n|\n|t:|1734430125\n|switch|p2a: Ursaluna|Ursaluna-Bloodmoon, L50, M|100\/100\n|turn|4\n|\n|t:|1734430168\n|switch|p1a: Annihilape|Annihilape, L50, F, tera:Water|100\/100\n|move|p1b: Dragonite|Protect|p1b: Dragonite\n|-singleturn|p1b: Dragonite|Protect\n|move|p2a: Ursaluna|Earth Power|p1a: Annihilape\n|-damage|p1a: Annihilape|50\/100\n|-enditem|p1a: Annihilape|Sitrus Berry|[eat]\n|-heal|p1a: Annihilape|75\/100|[from] item: Sitrus Berry\n|move|p2b: Archaludon|Flash Cannon|p1b: Dragonite\n|-activate|p1b: Dragonite|move: Protect\n|\n|upkeep\n|turn|5\n|\n|t:|1734430202\n|switch|p1a: Incineroar|Incineroar, L50, F|100\/100\n|-ability|p1a: Incineroar|Intimidate|boost\n|-unboost|p2a: Ursaluna|atk|1\n|-unboost|p2b: Archaludon|atk|1\n|move|p1b: Dragonite|Extreme Speed|p2a: Ursaluna\n|-damage|p2a: Ursaluna|72\/100\n|move|p2a: Ursaluna|Hyper Voice|p1a: Incineroar|[spread] p1a,p1b\n|-damage|p1a: Incineroar|69\/100\n|-damage|p1b: Dragonite|0 fnt\n|faint|p1b: Dragonite\n|move|p2b: Archaludon|Draco Meteor|p1a: Incineroar\n|-damage|p1a: Incineroar|0 fnt\n|-unboost|p2b: Archaludon|spa|2\n|faint|p1a: Incineroar\n|\n|-fieldend|move: Trick Room\n|upkeep\n|\n|t:|1734430217\n|switch|p1b: Annihilape|Annihilape, L50, F, tera:Water|75\/100\n|switch|p1a: Kingambit|Kingambit, L50, M|53\/100\n|turn|6\n|\n|t:|1734430249\n|-terastallize|p2a: Ursaluna|Poison\n|move|p2a: Ursaluna|Vacuum Wave|p1a: Kingambit\n|-supereffective|p1a: Kingambit\n|-damage|p1a: Kingambit|7\/100\n|move|p1b: Annihilape|Close Combat|p2b: Archaludon\n|-supereffective|p2b: Archaludon\n|-damage|p2b: Archaludon|23\/100\n|-unboost|p1b: Annihilape|def|1\n|-unboost|p1b: Annihilape|spd|1\n|-ability|p2b: Archaludon|Stamina|boost\n|-boost|p2b: Archaludon|def|1\n|move|p2b: Archaludon|Draco Meteor|p1b: Annihilape\n|-damage|p1b: Annihilape|11\/100\n|-unboost|p2b: Archaludon|spa|2\n|move|p1a: Kingambit|Low Kick|p2b: Archaludon\n|-supereffective|p2b: Archaludon\n|-damage|p2b: Archaludon|0 fnt\n|faint|p2b: Archaludon\n|\n|upkeep\n|\n|t:|1734430263\n|switch|p2b: Sneasler|Sneasler, L50, F|100\/100\n|turn|7\n|\n|t:|1734430272\n|move|p2b: Sneasler|Fake Out|p1a: Kingambit\n|-resisted|p1a: Kingambit\n|-damage|p1a: Kingambit|2\/100\n|cant|p1a: Kingambit|flinch\n|move|p2a: Ursaluna|Vacuum Wave|p1b: Annihilape\n|-damage|p1b: Annihilape|0 fnt\n|faint|p1b: Annihilape\n|\n|upkeep\n|turn|8\n|-message|ttps65 forfeited.\n|\n|win|pys_max\n|raw|ttps65's rating: 1712 &rarr; <strong>1691<\/strong><br \/>(-21 for losing)\n|raw|pys_max's rating: 1700 &rarr; <strong>1721<\/strong><br \/>(+21 for winning)\n|l|\u2606ttps65\n|player|p1|\n|l|\u2606pys_max\n|player|p2|\n","uploadtime":1734430428,"views":10,"formatid":"gen9vgc2024regh","rating":1691,"private":0,"password":null}