{"id":"gen9vgc2024regh-2264823282","format":"[Gen 9] VGC 2024 Reg H","players":["Bef6","bwahacough"],"log":"|j|\u2606Bef6\n|j|\u2606bwahacough\n|t:|1734459376\n|gametype|doubles\n|player|p1|Bef6|lucas|1739\n|player|p2|bwahacough|medium|1698\n|teamsize|p1|6\n|teamsize|p2|6\n|gen|9\n|tier|[Gen 9] VGC 2024 Reg H\n|rated|\n|rule|Species Clause: Limit one of each Pok\u00e9mon\n|rule|Item Clause: Limit 1 of each item\n|clearpoke\n|poke|p1|Archaludon, L50, M|\n|poke|p1|Pelipper, L50, F|\n|poke|p1|Annihilape, L50, F|\n|poke|p1|Grimmsnarl, L50, M|\n|poke|p1|Sinistcha, L50|\n|poke|p1|Ursaluna, L50, F|\n|poke|p2|Lycanroc, L50, M|\n|poke|p2|Tyranitar, L50, M|\n|poke|p2|Gholdengo, L50|\n|poke|p2|Mamoswine, L50, M|\n|poke|p2|Murkrow, L50, F|\n|poke|p2|Indeedee-F, L50, F|\n|teampreview|4\n|\n|t:|1734459398\n|start\n|switch|p1a: Annihilape|Annihilape, L50, F|100\/100\n|switch|p1b: Archaludon|Archaludon, L50, M|100\/100\n|switch|p2a: Gholdengo|Gholdengo, L50|100\/100\n|switch|p2b: Mamoswine|Mamoswine, L50, M|100\/100\n|turn|1\n|\n|t:|1734459419\n|-terastallize|p1a: Annihilape|Fighting\n|-terastallize|p2a: Gholdengo|Steel\n|move|p1a: Annihilape|Close Combat|p2b: Mamoswine\n|-supereffective|p2b: Mamoswine\n|-damage|p2b: Mamoswine|0 fnt\n|-unboost|p1a: Annihilape|def|1\n|-unboost|p1a: Annihilape|spd|1\n|faint|p2b: Mamoswine\n|move|p2a: Gholdengo|Make It Rain|p1b: Archaludon|[spread] p1a,p1b\n|-resisted|p1b: Archaludon\n|-damage|p1a: Annihilape|0 fnt\n|-damage|p1b: Archaludon|65\/100\n|-unboost|p2a: Gholdengo|spa|1\n|-ability|p1b: Archaludon|Stamina|boost\n|-boost|p1b: Archaludon|def|1\n|faint|p1a: Annihilape\n|move|p1b: Archaludon|Snarl|p2a: Gholdengo|[miss]\n|-miss|p1b: Archaludon|p2a: Gholdengo\n|\n|upkeep\n|\n|t:|1734459432\n|switch|p1a: Sinistcha|Sinistcha, L50|100\/100\n|switch|p2b: Lycanroc|Lycanroc, L50, M|100\/100\n|-heal|p1b: Archaludon|90\/100|[from] ability: Hospitality|[of] p1a: Sinistcha\n|turn|2\n|\n|t:|1734459439\n|move|p2b: Lycanroc|Rock Slide|p1b: Archaludon|[spread] p1a,p1b\n|-resisted|p1b: Archaludon\n|-damage|p1a: Sinistcha|76\/100\n|-damage|p1b: Archaludon|84\/100\n|-ability|p1b: Archaludon|Stamina|boost\n|-boost|p1b: Archaludon|def|1\n|move|p2a: Gholdengo|Make It Rain|p1a: Sinistcha|[spread] p1a,p1b\n|-resisted|p1b: Archaludon\n|-damage|p1a: Sinistcha|16\/100\n|-damage|p1b: Archaludon|59\/100\n|-unboost|p2a: Gholdengo|spa|1\n|-ability|p1b: Archaludon|Stamina|boost\n|-boost|p1b: Archaludon|def|1\n|-enditem|p1a: Sinistcha|Sitrus Berry|[eat]\n|-heal|p1a: Sinistcha|41\/100|[from] item: Sitrus Berry\n|move|p1b: Archaludon|Body Press|p2a: Gholdengo\n|-supereffective|p2a: Gholdengo\n|-damage|p2a: Gholdengo|0 fnt\n|faint|p2a: Gholdengo\n|move|p1a: Sinistcha|Trick Room|p1a: Sinistcha\n|-fieldstart|move: Trick Room|[of] p1a: Sinistcha\n|\n|upkeep\n|\n|t:|1734459442\n|switch|p2a: Tyranitar|Tyranitar, L50, M|100\/100\n|-weather|Sandstorm|[from] ability: Sand Stream|[of] p2a: Tyranitar\n|turn|3\n|\n|t:|1734459461\n|switch|p1a: Pelipper|Pelipper, L50, F|100\/100\n|-weather|RainDance|[from] ability: Drizzle|[of] p1a: Pelipper\n|move|p2a: Tyranitar|Knock Off|p1a: Pelipper\n|-damage|p1a: Pelipper|29\/100\n|-enditem|p1a: Pelipper|Focus Sash|[from] move: Knock Off|[of] p2a: Tyranitar\n|move|p1b: Archaludon|Body Press|p2a: Tyranitar\n|-supereffective|p2a: Tyranitar\n|-damage|p2a: Tyranitar|0 fnt\n|faint|p2a: Tyranitar\n|move|p2b: Lycanroc|Close Combat|p1b: Archaludon\n|-supereffective|p1b: Archaludon\n|-damage|p1b: Archaludon|37\/100\n|-unboost|p2b: Lycanroc|def|1\n|-unboost|p2b: Lycanroc|spd|1\n|-ability|p1b: Archaludon|Stamina|boost\n|-boost|p1b: Archaludon|def|1\n|\n|-weather|RainDance|[upkeep]\n|upkeep\n|turn|4\n|\n|t:|1734459479\n|switch|p1a: Sinistcha|Sinistcha, L50|41\/100\n|-heal|p1b: Archaludon|62\/100|[from] ability: Hospitality|[of] p1a: Sinistcha\n|move|p1b: Archaludon|Snarl|p2b: Lycanroc\n|-damage|p2b: Lycanroc|59\/100\n|-unboost|p2b: Lycanroc|spa|1\n|move|p2b: Lycanroc|Rock Slide|p1b: Archaludon|[spread] p1a,p1b\n|-crit|p1a: Sinistcha\n|-resisted|p1b: Archaludon\n|-damage|p1a: Sinistcha|2\/100\n|-damage|p1b: Archaludon|59\/100\n|-ability|p1b: Archaludon|Stamina|boost\n|-boost|p1b: Archaludon|def|1\n|\n|-weather|RainDance|[upkeep]\n|upkeep\n|turn|5\n|\n|t:|1734459490\n|move|p1a: Sinistcha|Life Dew|p1a: Sinistcha|[spread] p1a,p1b\n|-heal|p1a: Sinistcha|27\/100\n|-heal|p1b: Archaludon|84\/100\n|move|p1b: Archaludon|Body Press|p2b: Lycanroc\n|-supereffective|p2b: Lycanroc\n|-damage|p2b: Lycanroc|0 fnt\n|faint|p2b: Lycanroc\n|\n|win|Bef6\n|raw|Bef6's rating: 1739 &rarr; <strong>1757<\/strong><br \/>(+18 for winning)\n|raw|bwahacough's rating: 1698 &rarr; <strong>1680<\/strong><br \/>(-18 for losing)\n|l|\u2606Bef6\n|player|p1|\n|l|\u2606bwahacough\n|player|p2|\n","uploadtime":1734459675,"views":33,"formatid":"gen9vgc2024regh","rating":1680,"private":0,"password":null}