{"id":"gen9vgc2024regh-2264970576","format":"[Gen 9] VGC 2024 Reg H","players":["Axe is Axe","Bef6"],"log":"|j|\u2606Axe is Axe\n|j|\u2606Bef6\n|t:|1734475058\n|gametype|doubles\n|player|p1|Axe is Axe|102|1695\n|player|p2|Bef6|lucas|1827\n|teamsize|p1|6\n|teamsize|p2|6\n|gen|9\n|tier|[Gen 9] VGC 2024 Reg H\n|rated|\n|rule|Species Clause: Limit one of each Pok\u00e9mon\n|rule|Item Clause: Limit 1 of each item\n|clearpoke\n|poke|p1|Gholdengo, L50|\n|poke|p1|Ursaluna-Bloodmoon, L50, M|\n|poke|p1|Talonflame, L50, F|\n|poke|p1|Dragonite, L50, M|\n|poke|p1|Tatsugiri, L50, M|\n|poke|p1|Dondozo, L50, M|\n|poke|p2|Archaludon, L50, F|\n|poke|p2|Pelipper, L50, M|\n|poke|p2|Annihilape, L50, F|\n|poke|p2|Grimmsnarl, L50, M|\n|poke|p2|Sinistcha, L50|\n|poke|p2|Ursaluna, L50, F|\n|teampreview|4\n|\n|t:|1734475088\n|start\n|switch|p1a: Gholdengo|Gholdengo, L50|100\/100\n|switch|p1b: Talonflame|Talonflame, L50, F|100\/100\n|switch|p2a: Grimmsnarl|Grimmsnarl, L50, M|100\/100\n|switch|p2b: Pelipper|Pelipper, L50, M|100\/100\n|-weather|RainDance|[from] ability: Drizzle|[of] p2b: Pelipper\n|turn|1\n|\n|t:|1734475124\n|-terastallize|p2a: Grimmsnarl|Steel\n|move|p2b: Pelipper|Protect|p2b: Pelipper\n|-singleturn|p2b: Pelipper|Protect\n|move|p1b: Talonflame|Tailwind|p1b: Talonflame\n|-sidestart|p1: Axe is Axe|move: Tailwind\n|move|p2a: Grimmsnarl|Light Screen|p2a: Grimmsnarl\n|-sidestart|p2: Bef6|move: Light Screen\n|move|p1a: Gholdengo|Thunderbolt|p2b: Pelipper\n|-activate|p2b: Pelipper|move: Protect\n|\n|-weather|RainDance|[upkeep]\n|upkeep\n|turn|2\n|\n|t:|1734475142\n|switch|p2b: Ursaluna|Ursaluna, L50, F|100\/100\n|move|p1b: Talonflame|Brave Bird|p2b: Ursaluna\n|-damage|p2b: Ursaluna|60\/100\n|-damage|p1b: Talonflame|81\/100|[from] Recoil\n|move|p2a: Grimmsnarl|Reflect|p2a: Grimmsnarl\n|-sidestart|p2: Bef6|Reflect\n|move|p1a: Gholdengo|Thunderbolt|p2b: Ursaluna\n|-immune|p2b: Ursaluna\n|\n|-weather|RainDance|[upkeep]\n|-status|p2b: Ursaluna|brn|[from] item: Flame Orb\n|upkeep\n|turn|3\n|\n|t:|1734475159\n|switch|p1b: Dondozo|Dondozo, L50, M|100\/100\n|switch|p1a: Tatsugiri|Tatsugiri, L50, M|100\/100\n|-activate|p1a: Tatsugiri|ability: Commander|[of] p1b: Dondozo\n|-boost|p1b: Dondozo|atk|2\n|-boost|p1b: Dondozo|spa|2\n|-boost|p1b: Dondozo|spe|2\n|-boost|p1b: Dondozo|def|2\n|-boost|p1b: Dondozo|spd|2\n|move|p2a: Grimmsnarl|Parting Shot|p1b: Dondozo\n|-unboost|p1b: Dondozo|atk|1\n|-unboost|p1b: Dondozo|spa|1\n|\n|t:|1734475164\n|switch|p2a: Sinistcha|Sinistcha, L50|100\/100|[from] Parting Shot\n|-heal|p2b: Ursaluna|84\/100 brn|[from] ability: Hospitality|[of] p2a: Sinistcha\n|move|p2b: Ursaluna|Facade|p1a: Tatsugiri|[miss]\n|-miss|p2b: Ursaluna|p1a: Tatsugiri\n|\n|-weather|RainDance|[upkeep]\n|-damage|p2b: Ursaluna|79\/100 brn|[from] brn\n|upkeep\n|turn|4\n|\n|t:|1734475177\n|switch|p2b: Grimmsnarl|Grimmsnarl, L50, M, tera:Steel|100\/100\n|-terastallize|p1b: Dondozo|Grass\n|move|p1b: Dondozo|Wave Crash|p2b: Grimmsnarl\n|-crit|p2b: Grimmsnarl\n|-damage|p2b: Grimmsnarl|0 fnt\n|faint|p2b: Grimmsnarl\n|-damage|p1b: Dondozo|71\/100|[from] Recoil\n|move|p2a: Sinistcha|Trick Room|p2a: Sinistcha\n|-fieldstart|move: Trick Room|[of] p2a: Sinistcha\n|\n|-weather|RainDance|[upkeep]\n|-heal|p1b: Dondozo|77\/100|[from] item: Leftovers\n|-sideend|p1: Axe is Axe|move: Tailwind\n|upkeep\n|\n|t:|1734475189\n|switch|p2b: Ursaluna|Ursaluna, L50, F|79\/100 brn\n|turn|5\n|\n|t:|1734475204\n|move|p1b: Dondozo|Protect|p1b: Dondozo\n|-singleturn|p1b: Dondozo|Protect\n|move|p2a: Sinistcha|Matcha Gotcha|p1a: Tatsugiri|[spread] \n|-miss|p2a: Sinistcha|p1a: Tatsugiri\n|-activate|p1b: Dondozo|move: Protect\n|move|p2b: Ursaluna|Facade|p1b: Dondozo\n|-activate|p1b: Dondozo|move: Protect\n|\n|-weather|none\n|-heal|p1b: Dondozo|84\/100|[from] item: Leftovers\n|-damage|p2b: Ursaluna|73\/100 brn|[from] brn\n|upkeep\n|turn|6\n|\n|t:|1734475217\n|move|p2a: Sinistcha|Matcha Gotcha|p1a: Tatsugiri|[spread] p1b\n|-miss|p2a: Sinistcha|p1a: Tatsugiri\n|-resisted|p1b: Dondozo\n|-damage|p1b: Dondozo|77\/100\n|move|p2b: Ursaluna|Facade|p1b: Dondozo\n|-damage|p1b: Dondozo|32\/100\n|move|p1b: Dondozo|Wave Crash|p2b: Ursaluna\n|-supereffective|p2b: Ursaluna\n|-damage|p2b: Ursaluna|0 fnt\n|faint|p2b: Ursaluna\n|-damage|p1b: Dondozo|9\/100|[from] Recoil\n|\n|-heal|p1b: Dondozo|15\/100|[from] item: Leftovers\n|upkeep\n|\n|t:|1734475226\n|switch|p2b: Pelipper|Pelipper, L50, M|100\/100\n|-weather|RainDance|[from] ability: Drizzle|[of] p2b: Pelipper\n|turn|7\n|\n|t:|1734475238\n|move|p1b: Dondozo|Protect|p1b: Dondozo\n|-singleturn|p1b: Dondozo|Protect\n|move|p2a: Sinistcha|Matcha Gotcha|p1b: Dondozo|[spread] \n|-miss|p2a: Sinistcha|p1a: Tatsugiri\n|-activate|p1b: Dondozo|move: Protect\n|move|p2b: Pelipper|Hurricane|p1b: Dondozo\n|-activate|p1b: Dondozo|move: Protect\n|\n|-weather|RainDance|[upkeep]\n|-heal|p1b: Dondozo|21\/100|[from] item: Leftovers\n|upkeep\n|turn|8\n|j| UI Rain\n|\n|t:|1734475257\n|move|p1b: Dondozo|Protect||[still]\n|-fail|p1b: Dondozo\n|move|p2a: Sinistcha|Matcha Gotcha|p1a: Tatsugiri|[spread] p1b\n|-miss|p2a: Sinistcha|p1a: Tatsugiri\n|-resisted|p1b: Dondozo\n|-damage|p1b: Dondozo|15\/100\n|move|p2b: Pelipper|Hurricane|p1b: Dondozo\n|-supereffective|p1b: Dondozo\n|-damage|p1b: Dondozo|0 fnt\n|faint|p1b: Dondozo\n|\n|-weather|RainDance|[upkeep]\n|-sideend|p2: Bef6|move: Light Screen\n|-fieldend|move: Trick Room\n|upkeep\n|\n|t:|1734475274\n|switch|p1b: Talonflame|Talonflame, L50, F|81\/100\n|turn|9\n|\n|t:|1734475293\n|move|p1a: Tatsugiri|Icy Wind|p2b: Pelipper|[spread] p2a,p2b\n|-supereffective|p2a: Sinistcha\n|-damage|p2a: Sinistcha|73\/100\n|-damage|p2b: Pelipper|76\/100\n|-unboost|p2a: Sinistcha|spe|1\n|-unboost|p2b: Pelipper|spe|1\n|move|p1b: Talonflame|Brave Bird|p2a: Sinistcha\n|-supereffective|p2a: Sinistcha\n|-damage|p2a: Sinistcha|16\/100\n|-enditem|p2a: Sinistcha|Sitrus Berry|[eat]\n|-heal|p2a: Sinistcha|41\/100|[from] item: Sitrus Berry\n|-damage|p1b: Talonflame|60\/100|[from] Recoil\n|move|p2b: Pelipper|Hurricane|p1a: Tatsugiri\n|-damage|p1a: Tatsugiri|42\/100\n|move|p2a: Sinistcha|Trick Room|p2a: Sinistcha\n|-fieldstart|move: Trick Room|[of] p2a: Sinistcha\n|\n|-weather|RainDance|[upkeep]\n|-sideend|p2: Bef6|Reflect\n|upkeep\n|turn|10\n|\n|t:|1734475316\n|move|p2a: Sinistcha|Matcha Gotcha|p1a: Tatsugiri|[spread] p1a,p1b\n|-resisted|p1b: Talonflame\n|-damage|p1a: Tatsugiri|8\/100\n|-heal|p2a: Sinistcha|55\/100|[from] drain|[of] p1a: Tatsugiri\n|-damage|p1b: Talonflame|50\/100\n|-heal|p2a: Sinistcha|60\/100|[from] drain|[of] p1b: Talonflame\n|move|p2b: Pelipper|Weather Ball|p1b: Talonflame\n|-supereffective|p1b: Talonflame\n|-damage|p1b: Talonflame|0 fnt\n|faint|p1b: Talonflame\n|move|p1a: Tatsugiri|Icy Wind|p2a: Sinistcha|[spread] p2a,p2b\n|-supereffective|p2a: Sinistcha\n|-damage|p2a: Sinistcha|33\/100\n|-damage|p2b: Pelipper|50\/100\n|-unboost|p2a: Sinistcha|spe|1\n|-unboost|p2b: Pelipper|spe|1\n|\n|-weather|RainDance|[upkeep]\n|upkeep\n|\n|t:|1734475327\n|switch|p1b: Gholdengo|Gholdengo, L50|100\/100\n|turn|11\n|\n|t:|1734475354\n|move|p2a: Sinistcha|Matcha Gotcha|p1a: Tatsugiri|[spread] p1a\n|-miss|p2a: Sinistcha|p1b: Gholdengo\n|-crit|p1a: Tatsugiri\n|-damage|p1a: Tatsugiri|0 fnt\n|-heal|p2a: Sinistcha|37\/100|[from] drain|[of] p1a: Tatsugiri\n|faint|p1a: Tatsugiri\n|move|p2b: Pelipper|Weather Ball|p1b: Gholdengo\n|-damage|p1b: Gholdengo|27\/100\n|move|p1b: Gholdengo|Make It Rain|p2b: Pelipper|[spread] p2a,p2b\n|-resisted|p2b: Pelipper\n|-damage|p2a: Sinistcha|0 fnt\n|-damage|p2b: Pelipper|0 fnt\n|-unboost|p1b: Gholdengo|spa|1\n|faint|p2a: Sinistcha\n|faint|p2b: Pelipper\n|\n|win|Axe is Axe\n|raw|Axe is Axe's rating: 1695 &rarr; <strong>1722<\/strong><br \/>(+27 for winning)\n|raw|Bef6's rating: 1827 &rarr; <strong>1800<\/strong><br \/>(-27 for losing)\n|l|\u2606Bef6\n|player|p2|\n|l|\u2606Axe is Axe\n|player|p1|\n|l| UI Rain\n","uploadtime":1734475420,"views":13,"formatid":"gen9vgc2024regh","rating":1722,"private":0,"password":null}