{"id":"gen9vgc2024regh-2264981555","format":"[Gen 9] VGC 2024 Reg H","players":["Bef6","Axe is Axe"],"log":"|j|\u2606Bef6\n|j|\u2606Axe is Axe\n|t:|1734476404\n|gametype|doubles\n|player|p1|Bef6|lucas|1770\n|player|p2|Axe is Axe|102|1748\n|teamsize|p1|6\n|teamsize|p2|6\n|gen|9\n|tier|[Gen 9] VGC 2024 Reg H\n|rated|\n|rule|Species Clause: Limit one of each Pok\u00e9mon\n|rule|Item Clause: Limit 1 of each item\n|clearpoke\n|poke|p1|Archaludon, L50, F|\n|poke|p1|Pelipper, L50, F|\n|poke|p1|Annihilape, L50, M|\n|poke|p1|Grimmsnarl, L50, M|\n|poke|p1|Sinistcha, L50|\n|poke|p1|Ursaluna, L50, F|\n|poke|p2|Gholdengo, L50|\n|poke|p2|Ursaluna-Bloodmoon, L50, M|\n|poke|p2|Talonflame, L50, M|\n|poke|p2|Dragonite, L50, F|\n|poke|p2|Tatsugiri, L50, M|\n|poke|p2|Dondozo, L50, M|\n|teampreview|4\nAxe is Axe rejected open team sheets.\n|inactive|Battle timer is ON: inactive players will automatically lose when time's up. (requested by Bef6)\n|\n|t:|1734476429\n|start\n|switch|p1a: Pelipper|Pelipper, L50, F|100\/100\n|switch|p1b: Archaludon|Archaludon, L50, F|100\/100\n|switch|p2a: Gholdengo|Gholdengo, L50|100\/100\n|switch|p2b: Talonflame|Talonflame, L50, M|100\/100\n|-weather|RainDance|[from] ability: Drizzle|[of] p1a: Pelipper\n|turn|1\n|inactive|Axe is Axe has 30 seconds left.\n|inactive|Axe is Axe has 20 seconds left.\n|inactive|Axe is Axe has 15 seconds left.\n|inactive|Axe is Axe has 10 seconds left.\n|\n|t:|1734476477\n|move|p1a: Pelipper|Protect|p1a: Pelipper\n|-singleturn|p1a: Pelipper|Protect\n|move|p2b: Talonflame|Tailwind|p2b: Talonflame\n|-sidestart|p2: Axe is Axe|move: Tailwind\n|move|p2a: Gholdengo|Make It Rain|p1b: Archaludon|[spread] p1b\n|-activate|p1a: Pelipper|move: Protect\n|-resisted|p1b: Archaludon\n|-damage|p1b: Archaludon|76\/100\n|-unboost|p2a: Gholdengo|spa|1\n|-ability|p1b: Archaludon|Stamina|boost\n|-boost|p1b: Archaludon|def|1\n|move|p1b: Archaludon|Electro Shot||[still]\n|-prepare|p1b: Archaludon|Electro Shot\n|-boost|p1b: Archaludon|spa|1\n|-anim|p1b: Archaludon|Electro Shot|p2b: Talonflame\n|-supereffective|p2b: Talonflame\n|-damage|p2b: Talonflame|0 fnt\n|faint|p2b: Talonflame\n|\n|-weather|RainDance|[upkeep]\n|upkeep\n|\n|t:|1734476490\n|switch|p2b: Dondozo|Dondozo, L50, M|100\/100\n|turn|2\n|\n|t:|1734476508\n|switch|p2a: Tatsugiri|Tatsugiri, L50, M|100\/100\n|-activate|p2a: Tatsugiri|ability: Commander|[of] p2b: Dondozo\n|-boost|p2b: Dondozo|atk|2\n|-boost|p2b: Dondozo|spa|2\n|-boost|p2b: Dondozo|spe|2\n|-boost|p2b: Dondozo|def|2\n|-boost|p2b: Dondozo|spd|2\n|move|p2b: Dondozo|Wave Crash|p1b: Archaludon\n|-resisted|p1b: Archaludon\n|-damage|p1b: Archaludon|19\/100\n|-ability|p1b: Archaludon|Stamina|boost\n|-boost|p1b: Archaludon|def|1\n|-damage|p2b: Dondozo|84\/100|[from] Recoil\n|move|p1a: Pelipper|Weather Ball|p2a: Tatsugiri|[miss]\n|-miss|p1a: Pelipper|p2a: Tatsugiri\n|move|p1b: Archaludon|Electro Shot||[still]\n|-prepare|p1b: Archaludon|Electro Shot\n|-boost|p1b: Archaludon|spa|1\n|-anim|p1b: Archaludon|Electro Shot|p2a: Tatsugiri|[miss]\n|-miss|p1b: Archaludon|p2a: Tatsugiri\n|\n|-weather|RainDance|[upkeep]\n|-heal|p2b: Dondozo|90\/100|[from] item: Leftovers\n|upkeep\n|turn|3\n|inactive|Axe is Axe has 30 seconds left.\n|inactive|Axe is Axe has 20 seconds left.\n|\n|t:|1734476544\n|move|p2b: Dondozo|Earthquake|p1a: Pelipper|[spread] p1b\n|-miss|p2b: Dondozo|p2a: Tatsugiri\n|-immune|p1a: Pelipper\n|-supereffective|p1b: Archaludon\n|-damage|p1b: Archaludon|0 fnt\n|faint|p1b: Archaludon\n|move|p1a: Pelipper|Hurricane|p2b: Dondozo\n|-damage|p2b: Dondozo|66\/100\n|\n|-weather|RainDance|[upkeep]\n|-heal|p2b: Dondozo|72\/100|[from] item: Leftovers\n|upkeep\n|\n|t:|1734476552\n|switch|p1b: Sinistcha|Sinistcha, L50|100\/100\n|turn|4\n|j| Kaiju Krush\n|\n|t:|1734476560\n|move|p2b: Dondozo|Protect|p2b: Dondozo\n|-singleturn|p2b: Dondozo|Protect\n|move|p1a: Pelipper|Hurricane|p2b: Dondozo\n|-activate|p2b: Dondozo|move: Protect\n|move|p1b: Sinistcha|Trick Room|p1b: Sinistcha\n|-fieldstart|move: Trick Room|[of] p1b: Sinistcha\n|\n|-weather|RainDance|[upkeep]\n|-heal|p2b: Dondozo|79\/100|[from] item: Leftovers\n|-sideend|p2: Axe is Axe|move: Tailwind\n|upkeep\n|turn|5\n|\n|t:|1734476582\n|move|p1b: Sinistcha|Matcha Gotcha|p2b: Dondozo|[spread] p2b\n|-miss|p1b: Sinistcha|p2a: Tatsugiri\n|-supereffective|p2b: Dondozo\n|-damage|p2b: Dondozo|52\/100\n|move|p1a: Pelipper|Hurricane|p2b: Dondozo\n|-damage|p2b: Dondozo|24\/100\n|move|p2b: Dondozo|Order Up|p1a: Pelipper\n|-damage|p1a: Pelipper|29\/100\n|-boost|p2b: Dondozo|atk|1\n|\n|-weather|none\n|-heal|p2b: Dondozo|30\/100|[from] item: Leftovers\n|upkeep\n|turn|6\n|\n|t:|1734476600\n|switch|p1a: Ursaluna|Ursaluna, L50, F|100\/100\n|move|p2b: Dondozo|Protect|p2b: Dondozo\n|-singleturn|p2b: Dondozo|Protect\n|move|p1b: Sinistcha|Matcha Gotcha|p2b: Dondozo|[spread] \n|-miss|p1b: Sinistcha|p2a: Tatsugiri\n|-activate|p2b: Dondozo|move: Protect\n|\n|-heal|p2b: Dondozo|36\/100|[from] item: Leftovers\n|-status|p1a: Ursaluna|brn|[from] item: Flame Orb\n|upkeep\n|turn|7\n|inactive|Axe is Axe has 30 seconds left.\n|\n|t:|1734476632\n|move|p2b: Dondozo|Protect||[still]\n|-fail|p2b: Dondozo\n|move|p1b: Sinistcha|Matcha Gotcha|p2b: Dondozo|[spread] p2b\n|-miss|p1b: Sinistcha|p2a: Tatsugiri\n|-supereffective|p2b: Dondozo\n|-damage|p2b: Dondozo|9\/100\n|move|p1a: Ursaluna|Facade|p2b: Dondozo\n|-damage|p2b: Dondozo|0 fnt\n|faint|p2b: Dondozo\n|\n|-damage|p1a: Ursaluna|95\/100 brn|[from] brn\n|upkeep\n|\n|t:|1734476636\n|switch|p2b: Gholdengo|Gholdengo, L50|100\/100\n|turn|8\n|\n|t:|1734476652\n|-terastallize|p1a: Ursaluna|Ghost\n|-terastallize|p2a: Tatsugiri|Water\n|move|p1b: Sinistcha|Matcha Gotcha|p2a: Tatsugiri|[spread] p2a,p2b\n|-supereffective|p2a: Tatsugiri\n|-resisted|p2b: Gholdengo\n|-damage|p2a: Tatsugiri|38\/100\n|-damage|p2b: Gholdengo|86\/100\n|-status|p2a: Tatsugiri|brn\n|-status|p2b: Gholdengo|brn\n|move|p1a: Ursaluna|Earthquake|p2a: Tatsugiri|[spread] p1b,p2a,p2b\n|-resisted|p1b: Sinistcha\n|-supereffective|p2b: Gholdengo\n|-damage|p1b: Sinistcha|69\/100\n|-damage|p2a: Tatsugiri|0 fnt\n|-damage|p2b: Gholdengo|0 fnt\n|faint|p2a: Tatsugiri\n|faint|p2b: Gholdengo\n|\n|win|Bef6\n|raw|Bef6's rating: 1770 &rarr; <strong>1789<\/strong><br \/>(+19 for winning)\n|raw|Axe is Axe's rating: 1748 &rarr; <strong>1729<\/strong><br \/>(-19 for losing)\n|l|\u2606Axe is Axe\n|player|p2|\n|l|\u2606Bef6\n|player|p1|\n|l| Kaiju Krush\n","uploadtime":1734476838,"views":13,"formatid":"gen9vgc2024regh","rating":1729,"private":0,"password":null}