{"id":"gen9vgc2024regh-2264717681","format":"[Gen 9] VGC 2024 Reg H","players":["Pengpen","KitakamiApples"],"log":"|j|\u2606Pengpen\n|j|\u2606KitakamiApples\n|t:|1734448605\n|gametype|doubles\n|player|p1|Pengpen|170|1647\n|player|p2|KitakamiApples|kieran-festival|1719\n|teamsize|p1|6\n|teamsize|p2|6\n|gen|9\n|tier|[Gen 9] VGC 2024 Reg H\n|rated|\n|rule|Species Clause: Limit one of each Pok\u00e9mon\n|rule|Item Clause: Limit 1 of each item\n|clearpoke\n|poke|p1|Annihilape, L50, F|\n|poke|p1|Ursaluna-Bloodmoon, L50, M|\n|poke|p1|Dragonite, L50, F|\n|poke|p1|Gholdengo, L50|\n|poke|p1|Archaludon, L50, F|\n|poke|p1|Volcarona, L50, F|\n|poke|p2|Ursaluna, L50, M|\n|poke|p2|Kilowattrel, L50, M|\n|poke|p2|Porygon2, L50|\n|poke|p2|Incineroar, L50, M|\n|poke|p2|Amoonguss, L50, M|\n|poke|p2|Gholdengo, L50|\n|teampreview|4\n|inactive|Battle timer is ON: inactive players will automatically lose when time's up. (requested by KitakamiApples)\n|inactive|Pengpen has 60 seconds left.\n|\n|t:|1734448655\n|start\n|switch|p1a: Dragonite|Dragonite, L50, F, shiny|100\/100\n|switch|p1b: Ursaluna|Ursaluna-Bloodmoon, L50, M|100\/100\n|switch|p2a: Incineroar|Incineroar, L50, M|100\/100\n|switch|p2b: Porygon2|Porygon2, L50|100\/100\n|-ability|p2a: Incineroar|Intimidate|boost\n|-unboost|p1a: Dragonite|atk|1\n|-unboost|p1b: Ursaluna|atk|1\n|-ability|p2b: Porygon2|Download|boost\n|-boost|p2b: Porygon2|spa|1\n|turn|1\n|\n|t:|1734448675\n|switch|p1a: Annihilape|Annihilape, L50, F|100\/100\n|move|p1b: Ursaluna|Protect|p1b: Ursaluna\n|-singleturn|p1b: Ursaluna|Protect\n|move|p2a: Incineroar|Fake Out|p1b: Ursaluna\n|-activate|p1b: Ursaluna|move: Protect\n|move|p2b: Porygon2|Trick Room|p2b: Porygon2\n|-fieldstart|move: Trick Room|[of] p2b: Porygon2\n|\n|upkeep\n|turn|2\n|\n|t:|1734448697\n|switch|p1b: Dragonite|Dragonite, L50, F, shiny|100\/100\n|-terastallize|p2b: Porygon2|Fighting\n|move|p2b: Porygon2|Tera Blast|p1b: Dragonite|[anim] Tera Blast Fighting\n|-resisted|p1b: Dragonite\n|-damage|p1b: Dragonite|88\/100\n|move|p2a: Incineroar|U-turn|p1b: Dragonite\n|-resisted|p1b: Dragonite\n|-damage|p1b: Dragonite|79\/100\n|\n|t:|1734448701\n|switch|p2a: Ursaluna|Ursaluna, L50, M|100\/100|[from] U-turn\n|move|p1a: Annihilape|Final Gambit|p2b: Porygon2\n|-damage|p2b: Porygon2|0 fnt\n|faint|p1a: Annihilape\n|faint|p2b: Porygon2\n|\n|-status|p2a: Ursaluna|brn|[from] item: Flame Orb\n|upkeep\n|\n|t:|1734448718\n|switch|p2b: Gholdengo|Gholdengo, L50|100\/100\n|switch|p1a: Ursaluna|Ursaluna-Bloodmoon, L50, M|100\/100\n|turn|3\n|j| Mobile-NWNCC\n|inactive|Pengpen has 30 seconds left.\n|\n|t:|1734448753\n|switch|p1b: Gholdengo|Gholdengo, L50|100\/100\n|-terastallize|p1a: Ursaluna|Ghost\n|move|p2a: Ursaluna|Facade|p1a: Ursaluna\n|-immune|p1a: Ursaluna\n|move|p1a: Ursaluna|Blood Moon|p2a: Ursaluna\n|-damage|p2a: Ursaluna|22\/100 brn\n|move|p2b: Gholdengo|Make It Rain|p1a: Ursaluna|[spread] p1a,p1b\n|-resisted|p1b: Gholdengo\n|-damage|p1a: Ursaluna|22\/100\n|-damage|p1b: Gholdengo|67\/100\n|-unboost|p2b: Gholdengo|spa|1\n|-damage|p2b: Gholdengo|91\/100|[from] item: Life Orb\n|\n|-damage|p2a: Ursaluna|16\/100 brn|[from] brn\n|upkeep\n|turn|4\n|inactive|Pengpen has 30 seconds left.\n|\n|t:|1734448782\n|switch|p1b: Dragonite|Dragonite, L50, F, shiny|79\/100\n|move|p2b: Gholdengo|Protect|p2b: Gholdengo\n|-singleturn|p2b: Gholdengo|Protect\n|move|p1a: Ursaluna|Vacuum Wave|p2a: Ursaluna\n|-supereffective|p2a: Ursaluna\n|-damage|p2a: Ursaluna|0 fnt\n|faint|p2a: Ursaluna\n|\n|upkeep\n|\n|t:|1734448790\n|switch|p2a: Incineroar|Incineroar, L50, M|100\/100\n|-ability|p2a: Incineroar|Intimidate|boost\n|-unboost|p1a: Ursaluna|atk|1\n|-unboost|p1b: Dragonite|atk|1\n|turn|5\n|\n|t:|1734448805\n|move|p1a: Ursaluna|Protect|p1a: Ursaluna\n|-singleturn|p1a: Ursaluna|Protect\n|move|p2a: Incineroar|Knock Off|p1b: Dragonite\n|-damage|p1b: Dragonite|44\/100\n|-enditem|p1b: Dragonite|Loaded Dice|[from] move: Knock Off|[of] p2a: Incineroar\n|move|p1b: Dragonite|Tailwind|p1b: Dragonite\n|-sidestart|p1: Pengpen|move: Tailwind\n|move|p2b: Gholdengo|Shadow Ball|p1b: Dragonite\n|-damage|p1b: Dragonite|10\/100\n|-damage|p2b: Gholdengo|82\/100|[from] item: Life Orb\n|\n|-fieldend|move: Trick Room\n|upkeep\n|turn|6\n|\n|t:|1734448829\n|move|p2b: Gholdengo|Protect|p2b: Gholdengo\n|-singleturn|p2b: Gholdengo|Protect\n|move|p1b: Dragonite|Scale Shot|p2a: Incineroar\n|-damage|p2a: Incineroar|93\/100\n|-damage|p2a: Incineroar|85\/100\n|-hitcount|p2a: Incineroar|2\n|-unboost|p1b: Dragonite|def|1\n|-boost|p1b: Dragonite|spe|1\n|move|p1a: Ursaluna|Earth Power|p2a: Incineroar\n|-supereffective|p2a: Incineroar\n|-damage|p2a: Incineroar|19\/100\n|move|p2a: Incineroar|Knock Off|p1a: Ursaluna\n|-supereffective|p1a: Ursaluna\n|-crit|p1a: Ursaluna\n|-damage|p1a: Ursaluna|0 fnt\n|-enditem|p1a: Ursaluna|Focus Sash|[from] move: Knock Off|[of] p2a: Incineroar\n|faint|p1a: Ursaluna\n|\n|upkeep\n|\n|t:|1734448847\n|switch|p1a: Gholdengo|Gholdengo, L50|67\/100\n|turn|7\n|\n|t:|1734448860\n|move|p1a: Gholdengo|Shadow Ball|p2b: Gholdengo\n|-supereffective|p2b: Gholdengo\n|-damage|p2b: Gholdengo|0 fnt\n|faint|p2b: Gholdengo\n|move|p1b: Dragonite|Scale Shot|p2a: Incineroar|[miss]\n|-miss|p1b: Dragonite|p2a: Incineroar\n|move|p2a: Incineroar|Knock Off|p1a: Gholdengo\n|-supereffective|p1a: Gholdengo\n|-damage|p1a: Gholdengo|0 fnt\n|-enditem|p1a: Gholdengo|Choice Scarf|[from] move: Knock Off|[of] p2a: Incineroar\n|faint|p1a: Gholdengo\n|\n|upkeep\n|turn|8\n|\n|t:|1734448874\n|move|p1b: Dragonite|Scale Shot|p2a: Incineroar\n|-crit|p2a: Incineroar\n|-damage|p2a: Incineroar|2\/100\n|-damage|p2a: Incineroar|0 fnt\n|faint|p2a: Incineroar\n|-hitcount|p2: Incineroar|2\n|\n|win|Pengpen\n|raw|Pengpen's rating: 1647 &rarr; <strong>1671<\/strong><br \/>(+24 for winning)\n|raw|KitakamiApples's rating: 1719 &rarr; <strong>1695<\/strong><br \/>(-24 for losing)\n|l|\u2606KitakamiApples\n|player|p2|\n|l|\u2606Pengpen\n|player|p1|\n|l| Mobile-NWNCC\n","uploadtime":1734449013,"views":7,"formatid":"gen9vgc2024regh","rating":1671,"private":0,"password":null}