{"id":"gen9vgc2024regh-2264713073","format":"[Gen 9] VGC 2024 Reg H","players":["KitakamiApples","Pengpen"],"log":"|j|\u2606KitakamiApples\n|j|\u2606Pengpen\n|t:|1734448109\n|gametype|doubles\n|player|p1|KitakamiApples|kieran-festival|1686\n|player|p2|Pengpen|170|1693\n|teamsize|p1|6\n|teamsize|p2|6\n|gen|9\n|tier|[Gen 9] VGC 2024 Reg H\n|rated|\n|rule|Species Clause: Limit one of each Pok\u00e9mon\n|rule|Item Clause: Limit 1 of each item\n|clearpoke\n|poke|p1|Ursaluna, L50, M|\n|poke|p1|Kilowattrel, L50, M|\n|poke|p1|Porygon2, L50|\n|poke|p1|Incineroar, L50, M|\n|poke|p1|Amoonguss, L50, M|\n|poke|p1|Gholdengo, L50|\n|poke|p2|Annihilape, L50, F|\n|poke|p2|Ursaluna-Bloodmoon, L50, M|\n|poke|p2|Dragonite, L50, F|\n|poke|p2|Gholdengo, L50|\n|poke|p2|Archaludon, L50, F|\n|poke|p2|Volcarona, L50, F|\n|teampreview|4\n|inactive|Battle timer is ON: inactive players will automatically lose when time's up. (requested by KitakamiApples)\n|inactive|Pengpen has 60 seconds left.\n|\n|t:|1734448152\n|start\n|switch|p1a: Kilowattrel|Kilowattrel, L50, M|100\/100\n|switch|p1b: Gholdengo|Gholdengo, L50|100\/100\n|switch|p2a: Dragonite|Dragonite, L50, F, shiny|100\/100\n|switch|p2b: Ursaluna|Ursaluna-Bloodmoon, L50, M|100\/100\n|turn|1\n|inactive|KitakamiApples has 30 seconds left.\n|inactive|Pengpen has 30 seconds left.\n|inactive|KitakamiApples has 20 seconds left.\n|\n|t:|1734448191\n|-terastallize|p1b: Gholdengo|Flying\n|move|p1a: Kilowattrel|Tailwind|p1a: Kilowattrel\n|-sidestart|p1: KitakamiApples|move: Tailwind\n|move|p1b: Gholdengo|Nasty Plot|p1b: Gholdengo\n|-boost|p1b: Gholdengo|spa|2\n|move|p2a: Dragonite|Scale Shot|p1a: Kilowattrel\n|-damage|p1a: Kilowattrel|79\/100\n|-damage|p1a: Kilowattrel|58\/100\n|-damage|p1a: Kilowattrel|36\/100\n|-damage|p1a: Kilowattrel|13\/100\n|-damage|p1a: Kilowattrel|0 fnt\n|faint|p1a: Kilowattrel\n|-hitcount|p1: Kilowattrel|5\n|-unboost|p2a: Dragonite|def|1\n|-boost|p2a: Dragonite|spe|1\n|move|p2b: Ursaluna|Earth Power|p1b: Gholdengo\n|-immune|p1b: Gholdengo\n|\n|upkeep\n|\n|t:|1734448199\n|switch|p1a: Incineroar|Incineroar, L50, M|100\/100\n|-ability|p1a: Incineroar|Intimidate|boost\n|-unboost|p2a: Dragonite|atk|1\n|-unboost|p2b: Ursaluna|atk|1\n|turn|2\n|\n|t:|1734448219\n|move|p2b: Ursaluna|Protect|p2b: Ursaluna\n|-singleturn|p2b: Ursaluna|Protect\n|move|p1a: Incineroar|Fake Out|p2a: Dragonite\n|-damage|p2a: Dragonite|93\/100\n|move|p1b: Gholdengo|Make It Rain|p2b: Ursaluna|[spread] p2a\n|-activate|p2b: Ursaluna|move: Protect\n|-damage|p2a: Dragonite|0 fnt\n|-unboost|p1b: Gholdengo|spa|1\n|faint|p2a: Dragonite\n|-damage|p1b: Gholdengo|91\/100|[from] item: Life Orb\n|\n|upkeep\n|\n|t:|1734448240\n|switch|p2a: Annihilape|Annihilape, L50, F|100\/100\n|turn|3\n|inactive|Pengpen has 30 seconds left.\n|\n|t:|1734448265\n|-terastallize|p2a: Annihilape|Fire\n|move|p1b: Gholdengo|Make It Rain|p2b: Ursaluna|[spread] p2a,p2b\n|-resisted|p2a: Annihilape\n|-damage|p2a: Annihilape|58\/100\n|-enditem|p2b: Ursaluna|Focus Sash\n|-damage|p2b: Ursaluna|1\/100\n|-unboost|p1b: Gholdengo|spa|1\n|-damage|p1b: Gholdengo|82\/100|[from] item: Life Orb\n|move|p1a: Incineroar|Knock Off|p2b: Ursaluna\n|-damage|p2b: Ursaluna|0 fnt\n|faint|p2b: Ursaluna\n|move|p2a: Annihilape|Rage Fist|p1b: Gholdengo\n|-damage|p1b: Gholdengo|43\/100\n|\n|upkeep\n|\n|t:|1734448281\n|switch|p2b: Gholdengo|Gholdengo, L50|100\/100\n|turn|4\n|\n|t:|1734448293\n|move|p1b: Gholdengo|Shadow Ball|p2a: Annihilape\n|-damage|p2a: Annihilape|9\/100\n|-enditem|p2a: Annihilape|Sitrus Berry|[eat]\n|-heal|p2a: Annihilape|34\/100|[from] item: Sitrus Berry\n|-damage|p1b: Gholdengo|33\/100|[from] item: Life Orb\n|move|p1a: Incineroar|Knock Off|p2b: Gholdengo\n|-supereffective|p2b: Gholdengo\n|-crit|p2b: Gholdengo\n|-damage|p2b: Gholdengo|0 fnt\n|-enditem|p2b: Gholdengo|Choice Scarf|[from] move: Knock Off|[of] p1a: Incineroar\n|faint|p2b: Gholdengo\n|move|p2a: Annihilape|Close Combat|p1a: Incineroar\n|-supereffective|p1a: Incineroar\n|-damage|p1a: Incineroar|5\/100\n|-unboost|p2a: Annihilape|def|1\n|-unboost|p2a: Annihilape|spd|1\n|\n|-sideend|p1: KitakamiApples|move: Tailwind\n|upkeep\n|turn|5\n|-message|Pengpen forfeited.\n|\n|win|KitakamiApples\n|raw|KitakamiApples's rating: 1686 &rarr; <strong>1706<\/strong><br \/>(+20 for winning)\n|raw|Pengpen's rating: 1693 &rarr; <strong>1673<\/strong><br \/>(-20 for losing)\n|l|\u2606Pengpen\n|player|p2|\n|l|\u2606KitakamiApples\n|player|p1|\n","uploadtime":1734448458,"views":11,"formatid":"gen9vgc2024regh","rating":1673,"private":0,"password":null}