{"id":"gen9vgc2024regh-2264819942","format":"[Gen 9] VGC 2024 Reg H","players":["Bef6","mlm2016"],"log":"|j|\u2606Bef6\n|j|\u2606mlm2016\n|t:|1734459043\n|gametype|doubles\n|player|p1|Bef6|lucas|1763\n|player|p2|mlm2016|juggler|1686\n|teamsize|p1|6\n|teamsize|p2|6\n|gen|9\n|tier|[Gen 9] VGC 2024 Reg H\n|rated|\n|rule|Species Clause: Limit one of each Pok\u00e9mon\n|rule|Item Clause: Limit 1 of each item\n|clearpoke\n|poke|p1|Archaludon, L50, F|\n|poke|p1|Pelipper, L50, F|\n|poke|p1|Annihilape, L50, F|\n|poke|p1|Grimmsnarl, L50, M|\n|poke|p1|Sinistcha, L50|\n|poke|p1|Ursaluna, L50, F|\n|poke|p2|Gholdengo, L50|\n|poke|p2|Dragonite, L50, M|\n|poke|p2|Sneasler, L50, F|\n|poke|p2|Rillaboom, L50, F|\n|poke|p2|Basculegion, L50, M|\n|poke|p2|Kingambit, L50, M|\n|teampreview|4\n|inactive|Battle timer is ON: inactive players will automatically lose when time's up. (requested by mlm2016)\n|inactive|Bef6 has 60 seconds left.\n|inactive|mlm2016 has 60 seconds left.\n|\n|t:|1734459097\n|start\n|switch|p1a: Grimmsnarl|Grimmsnarl, L50, M|100\/100\n|switch|p1b: Archaludon|Archaludon, L50, F|100\/100\n|switch|p2a: Goldilocks|Gholdengo, L50|100\/100\n|switch|p2b: sorry in advance|Sneasler, L50, F|100\/100\n|turn|1\n|inactive|mlm2016 has 30 seconds left.\n|\n|t:|1734459131\n|-terastallize|p1b: Archaludon|Fighting\n|move|p2b: sorry in advance|Fake Out|p1a: Grimmsnarl\n|-damage|p1a: Grimmsnarl|83\/100\n|cant|p1a: Grimmsnarl|flinch\n|move|p2a: Goldilocks|Nasty Plot|p2a: Goldilocks\n|-boost|p2a: Goldilocks|spa|2\n|move|p1b: Archaludon|Snarl|p2b: sorry in advance|[spread] p2a,p2b\n|-supereffective|p2a: Goldilocks\n|-resisted|p2b: sorry in advance\n|-crit|p2b: sorry in advance\n|-damage|p2a: Goldilocks|76\/100\n|-damage|p2b: sorry in advance|88\/100\n|-unboost|p2a: Goldilocks|spa|1\n|-unboost|p2b: sorry in advance|spa|1\n|\n|upkeep\n|turn|2\n|inactive|mlm2016 has 30 seconds left.\n|\n|t:|1734459161\n|move|p1a: Grimmsnarl|Light Screen|p1a: Grimmsnarl\n|-sidestart|p1: Bef6|move: Light Screen\n|move|p2b: sorry in advance|Close Combat|p1b: Archaludon\n|-damage|p1b: Archaludon|56\/100\n|-unboost|p2b: sorry in advance|def|1\n|-unboost|p2b: sorry in advance|spd|1\n|-ability|p1b: Archaludon|Stamina|boost\n|-boost|p1b: Archaludon|def|1\n|move|p2a: Goldilocks|Make It Rain|p1b: Archaludon|[spread] p1a,p1b\n|-supereffective|p1a: Grimmsnarl\n|-damage|p1a: Grimmsnarl|0 fnt\n|-damage|p1b: Archaludon|17\/100\n|-unboost|p2a: Goldilocks|spa|1\n|-ability|p1b: Archaludon|Stamina|boost\n|-boost|p1b: Archaludon|def|1\n|faint|p1a: Grimmsnarl\n|move|p1b: Archaludon|Snarl|p2a: Goldilocks|[spread] p2a,p2b\n|-supereffective|p2a: Goldilocks\n|-resisted|p2b: sorry in advance\n|-damage|p2a: Goldilocks|50\/100\n|-damage|p2b: sorry in advance|77\/100\n|-unboost|p2a: Goldilocks|spa|1\n|-unboost|p2b: sorry in advance|spa|1\n|\n|upkeep\n|\n|t:|1734459166\n|switch|p1a: Sinistcha|Sinistcha, L50|100\/100\n|-heal|p1b: Archaludon|42\/100|[from] ability: Hospitality|[of] p1a: Sinistcha\n|turn|3\n|inactive|mlm2016 has 30 seconds left.\n|\n|t:|1734459194\n|switch|p2b: Rillaboom|Rillaboom, L50, F|100\/100\n|-fieldstart|move: Grassy Terrain|[from] ability: Grassy Surge|[of] p2b: Rillaboom\n|move|p2a: Goldilocks|Nasty Plot|p2a: Goldilocks\n|-boost|p2a: Goldilocks|spa|2\n|move|p1b: Archaludon|Body Press|p2b: Rillaboom\n|-damage|p2b: Rillaboom|22\/100\n|move|p1a: Sinistcha|Trick Room|p1a: Sinistcha\n|-fieldstart|move: Trick Room|[of] p1a: Sinistcha\n|\n|-heal|p1b: Archaludon|48\/100|[from] Grassy Terrain\n|-heal|p2a: Goldilocks|56\/100|[from] Grassy Terrain\n|-heal|p2b: Rillaboom|28\/100|[from] Grassy Terrain\n|upkeep\n|turn|4\n|inactive|mlm2016 has 30 seconds left.\n|inactive|mlm2016 has 20 seconds left.\n|\n|t:|1734459229\n|move|p2a: Goldilocks|Protect|p2a: Goldilocks\n|-singleturn|p2a: Goldilocks|Protect\n|move|p1a: Sinistcha|Life Dew||[still]|[spread] p1a,p1b\n|-fail|p1a: Sinistcha|heal\n|-heal|p1b: Archaludon|73\/100\n|move|p1b: Archaludon|Snarl|p2a: Goldilocks|[spread] \n|-activate|p2a: Goldilocks|move: Protect\n|-miss|p1b: Archaludon|p2b: Rillaboom\n|move|p2b: Rillaboom|Wood Hammer|p1b: Archaludon\n|-damage|p1b: Archaludon|41\/100\n|-ability|p1b: Archaludon|Stamina|boost\n|-boost|p1b: Archaludon|def|1\n|-damage|p2b: Rillaboom|17\/100|[from] Recoil\n|\n|-heal|p1b: Archaludon|47\/100|[from] Grassy Terrain\n|-heal|p2a: Goldilocks|62\/100|[from] Grassy Terrain\n|-heal|p2b: Rillaboom|23\/100|[from] Grassy Terrain\n|upkeep\n|turn|5\n|inactive|mlm2016 has 30 seconds left.\n|inactive|mlm2016 has 20 seconds left.\n|\n|t:|1734459267\n|move|p1a: Sinistcha|Life Dew||[still]|[spread] p1a,p1b\n|-fail|p1a: Sinistcha|heal\n|-heal|p1b: Archaludon|72\/100\n|move|p1b: Archaludon|Snarl|p2a: Goldilocks|[spread] p2a,p2b\n|-supereffective|p2a: Goldilocks\n|-damage|p2a: Goldilocks|40\/100\n|-damage|p2b: Rillaboom|9\/100\n|-unboost|p2a: Goldilocks|spa|1\n|-unboost|p2b: Rillaboom|spa|1\n|move|p2a: Goldilocks|Nasty Plot|p2a: Goldilocks\n|-boost|p2a: Goldilocks|spa|2\n|move|p2b: Rillaboom|Wood Hammer|p1b: Archaludon\n|-damage|p1b: Archaludon|44\/100\n|-ability|p1b: Archaludon|Stamina|boost\n|-boost|p1b: Archaludon|def|1\n|-damage|p2b: Rillaboom|0 fnt|[from] Recoil\n|faint|p2b: Rillaboom\n|\n|-heal|p1b: Archaludon|50\/100|[from] Grassy Terrain\n|-heal|p2a: Goldilocks|46\/100|[from] Grassy Terrain\n|upkeep\n|\n|t:|1734459291\n|switch|p2b: sorry in advance|Sneasler, L50, F|77\/100\n|-enditem|p2b: sorry in advance|Grassy Seed\n|-boost|p2b: sorry in advance|def|1|[from] item: Grassy Seed\n|turn|6\n|\n|t:|1734459303\n|switch|p1a: Pelipper|Pelipper, L50, F|100\/100\n|-weather|RainDance|[from] ability: Drizzle|[of] p1a: Pelipper\n|move|p2b: sorry in advance|Fake Out|p1b: Archaludon\n|-damage|p1b: Archaludon|47\/100\n|-ability|p1b: Archaludon|Stamina|boost\n|-boost|p1b: Archaludon|def|1\n|cant|p1b: Archaludon|flinch\n|move|p2a: Goldilocks|Nasty Plot|p2a: Goldilocks\n|-boost|p2a: Goldilocks|spa|2\n|\n|-weather|RainDance|[upkeep]\n|-heal|p1b: Archaludon|54\/100|[from] Grassy Terrain\n|-heal|p2a: Goldilocks|52\/100|[from] Grassy Terrain\n|-heal|p2b: sorry in advance|83\/100|[from] Grassy Terrain\n|upkeep\n|turn|7\n|\n|t:|1734459322\n|move|p2a: Goldilocks|Protect|p2a: Goldilocks\n|-singleturn|p2a: Goldilocks|Protect\n|move|p1b: Archaludon|Electro Shot||[still]\n|-prepare|p1b: Archaludon|Electro Shot\n|-boost|p1b: Archaludon|spa|1\n|-anim|p1b: Archaludon|Electro Shot|p2a: Goldilocks\n|-activate|p2a: Goldilocks|move: Protect\n|move|p1a: Pelipper|Tailwind|p1a: Pelipper\n|-sidestart|p1: Bef6|move: Tailwind\n|move|p2b: sorry in advance|Dire Claw|p1a: Pelipper\n|-damage|p1a: Pelipper|37\/100\n|-status|p1a: Pelipper|par\n|\n|-weather|RainDance|[upkeep]\n|-heal|p2a: Goldilocks|58\/100|[from] Grassy Terrain\n|-heal|p1b: Archaludon|60\/100|[from] Grassy Terrain\n|-heal|p2b: sorry in advance|89\/100|[from] Grassy Terrain\n|-fieldend|move: Trick Room\n|-fieldend|move: Grassy Terrain\n|upkeep\n|turn|8\n|inactive|mlm2016 has 30 seconds left.\n|inactive|mlm2016 has 20 seconds left.\n|\n|t:|1734459358\n|switch|p1a: Sinistcha|Sinistcha, L50|100\/100\n|-heal|p1b: Archaludon|85\/100|[from] ability: Hospitality|[of] p1a: Sinistcha\n|move|p2b: sorry in advance|Dire Claw|p1b: Archaludon\n|-damage|p1b: Archaludon|77\/100\n|-status|p1b: Archaludon|psn\n|-ability|p1b: Archaludon|Stamina|boost\n|-boost|p1b: Archaludon|def|1\n|move|p1b: Archaludon|Electro Shot||[still]\n|-prepare|p1b: Archaludon|Electro Shot\n|-boost|p1b: Archaludon|spa|1\n|-anim|p1b: Archaludon|Electro Shot|p2b: sorry in advance\n|-damage|p2b: sorry in advance|0 fnt\n|faint|p2b: sorry in advance\n|move|p2a: Goldilocks|Make It Rain|p1a: Sinistcha|[spread] p1a,p1b\n|-damage|p1a: Sinistcha|2\/100\n|-damage|p1b: Archaludon|2\/100 psn\n|-unboost|p2a: Goldilocks|spa|1\n|-enditem|p1a: Sinistcha|Sitrus Berry|[eat]\n|-heal|p1a: Sinistcha|27\/100|[from] item: Sitrus Berry\n|\n|-weather|RainDance|[upkeep]\n|-damage|p1b: Archaludon|0 fnt|[from] psn\n|faint|p1b: Archaludon\n|upkeep\n|-message|Bef6 forfeited.\n|\n|win|mlm2016\n|raw|Bef6's rating: 1763 &rarr; <strong>1739<\/strong><br \/>(-24 for losing)\n|raw|mlm2016's rating: 1686 &rarr; <strong>1710<\/strong><br \/>(+24 for winning)\n|l|\u2606Bef6\n|player|p1|\n|l|\u2606mlm2016\n|player|p2|\n","uploadtime":1734459536,"views":4,"formatid":"gen9vgc2024regh","rating":1710,"private":0,"password":null}