{"id":"gen9vgc2024regh-2264887853","format":"[Gen 9] VGC 2024 Reg H","players":["ClydeFromPacman","chin8"],"log":"|j|\u2606ClydeFromPacman\n|j|\u2606chin8\n|t:|1734465879\n|gametype|doubles\n|player|p1|ClydeFromPacman|lucas|1658\n|player|p2|chin8|gentleman-gen4dp|1813\n|teamsize|p1|6\n|teamsize|p2|6\n|gen|9\n|tier|[Gen 9] VGC 2024 Reg H\n|rated|\n|rule|Species Clause: Limit one of each Pok\u00e9mon\n|rule|Item Clause: Limit 1 of each item\n|clearpoke\n|poke|p1|Mandibuzz, L50, F|\n|poke|p1|Tyranitar, L50, M|\n|poke|p1|Excadrill, L50, F|\n|poke|p1|Gholdengo, L50|\n|poke|p1|Dragonite, L50, M|\n|poke|p1|Vivillon-Tundra, L50, F|\n|poke|p2|Baxcalibur, L50, M|\n|poke|p2|Kilowattrel, L50, M|\n|poke|p2|Granbull, L50, F|\n|poke|p2|Gardevoir, L50, M|\n|poke|p2|Magmortar, L50, F|\n|poke|p2|Gholdengo, L50|\n|teampreview|4\n|\n|t:|1734465926\n|start\n|switch|p1a: Gholdengo|Gholdengo, L50|100\/100\n|switch|p1b: Mandibuzz|Mandibuzz, L50, F|100\/100\n|switch|p2a: Granbull|Granbull, L50, F|100\/100\n|switch|p2b: Baxcalibur|Baxcalibur, L50, M|100\/100\n|-ability|p2a: Granbull|Intimidate|boost\n|-unboost|p1a: Gholdengo|atk|1\n|-unboost|p1b: Mandibuzz|atk|1\n|turn|1\n|\n|t:|1734465954\n|-terastallize|p2b: Baxcalibur|Ground\n|move|p2a: Granbull|Protect|p2a: Granbull\n|-singleturn|p2a: Granbull|Protect\n|move|p1a: Gholdengo|Nasty Plot|p1a: Gholdengo\n|-boost|p1a: Gholdengo|spa|2\n|move|p2b: Baxcalibur|Earthquake|p1b: Mandibuzz|[spread] p1a\n|-activate|p2a: Granbull|move: Protect\n|-immune|p1b: Mandibuzz\n|-supereffective|p1a: Gholdengo\n|-damage|p1a: Gholdengo|0 fnt\n|faint|p1a: Gholdengo\n|move|p1b: Mandibuzz|Tailwind|p1b: Mandibuzz\n|-sidestart|p1: ClydeFromPacman|move: Tailwind\n|\n|upkeep\n|inactive|Battle timer is ON: inactive players will automatically lose when time's up. (requested by chin8)\n|\n|t:|1734465972\n|switch|p1a: Excadrill|Excadrill, L50, F|100\/100\n|turn|2\n|\n|t:|1734465983\n|move|p2b: Baxcalibur|Ice Shard|p1a: Excadrill\n|-damage|p1a: Excadrill|64\/100\n|move|p1a: Excadrill|Earthquake|p2a: Granbull|[spread] p2a,p2b\n|-immune|p1b: Mandibuzz\n|-damage|p2a: Granbull|50\/100\n|-damage|p2b: Baxcalibur|63\/100\n|move|p1b: Mandibuzz|Foul Play|p2b: Baxcalibur\n|-damage|p2b: Baxcalibur|12\/100\n|move|p2a: Granbull|Close Combat|p1a: Excadrill\n|-supereffective|p1a: Excadrill\n|-damage|p1a: Excadrill|0 fnt\n|-unboost|p2a: Granbull|def|1\n|-unboost|p2a: Granbull|spd|1\n|faint|p1a: Excadrill\n|\n|upkeep\n|\n|t:|1734465992\n|switch|p1a: Tyranitar|Tyranitar, L50, M|100\/100\n|-weather|Sandstorm|[from] ability: Sand Stream|[of] p1a: Tyranitar\n|turn|3\n|\n|t:|1734466011\n|move|p2a: Granbull|Protect|p2a: Granbull\n|-singleturn|p2a: Granbull|Protect\n|move|p2b: Baxcalibur|Ice Shard|p1b: Mandibuzz\n|-supereffective|p1b: Mandibuzz\n|-damage|p1b: Mandibuzz|72\/100\n|move|p1a: Tyranitar|Rock Slide|p2a: Granbull|[spread] p2b\n|-activate|p2a: Granbull|move: Protect\n|-resisted|p2b: Baxcalibur\n|-damage|p2b: Baxcalibur|0 fnt\n|faint|p2b: Baxcalibur\n|move|p1b: Mandibuzz|Brave Bird|p2a: Granbull\n|-activate|p2a: Granbull|move: Protect\n|\n|-weather|Sandstorm|[upkeep]\n|-damage|p2a: Granbull|44\/100|[from] Sandstorm\n|upkeep\n|\n|t:|1734466018\n|switch|p2b: Gardevoir|Gardevoir, L50, M|100\/100\n|turn|4\n|j| futonkagebunshin\n|\n|t:|1734466040\n|switch|p2a: Gholdengo|Gholdengo, L50|100\/100\n|-terastallize|p1b: Mandibuzz|Electric\n|move|p1a: Tyranitar|Rock Slide|p2b: Gardevoir|[spread] p2a,p2b\n|-resisted|p2a: Gholdengo\n|-damage|p2a: Gholdengo|87\/100\n|-damage|p2b: Gardevoir|66\/100\n|move|p1b: Mandibuzz|Brave Bird|p2b: Gardevoir\n|-damage|p2b: Gardevoir|42\/100\n|-damage|p1b: Mandibuzz|65\/100|[from] Recoil\n|cant|p2b: Gardevoir|flinch\n|\n|-weather|Sandstorm|[upkeep]\n|-damage|p2b: Gardevoir|36\/100|[from] Sandstorm\n|-heal|p2a: Gholdengo|93\/100|[from] item: Leftovers\n|-sideend|p1: ClydeFromPacman|move: Tailwind\n|upkeep\n|turn|5\n|\n|t:|1734466055\n|move|p2a: Gholdengo|Protect|p2a: Gholdengo\n|-singleturn|p2a: Gholdengo|Protect\n|move|p1a: Tyranitar|Knock Off|p2a: Gholdengo\n|-activate|p2a: Gholdengo|move: Protect\n|move|p1b: Mandibuzz|Tailwind|p1b: Mandibuzz\n|-sidestart|p1: ClydeFromPacman|move: Tailwind\n|move|p2b: Gardevoir|Trick Room|p2b: Gardevoir\n|-fieldstart|move: Trick Room|[of] p2b: Gardevoir\n|\n|-weather|Sandstorm|[upkeep]\n|-damage|p2b: Gardevoir|30\/100|[from] Sandstorm\n|-heal|p2a: Gholdengo|99\/100|[from] item: Leftovers\n|upkeep\n|turn|6\n|\n|t:|1734466066\n|move|p2b: Gardevoir|Dazzling Gleam|p1b: Mandibuzz|[spread] p1a,p1b\n|-supereffective|p1a: Tyranitar\n|-damage|p1a: Tyranitar|62\/100\n|-damage|p1b: Mandibuzz|42\/100\n|move|p2a: Gholdengo|Make It Rain|p1a: Tyranitar|[spread] p1a,p1b\n|-supereffective|p1a: Tyranitar\n|-resisted|p1b: Mandibuzz\n|-damage|p1a: Tyranitar|5\/100\n|-damage|p1b: Mandibuzz|24\/100\n|-unboost|p2a: Gholdengo|spa|1\n|move|p1b: Mandibuzz|Brave Bird|p2b: Gardevoir\n|-damage|p2b: Gardevoir|6\/100\n|-damage|p1b: Mandibuzz|17\/100|[from] Recoil\n|move|p1a: Tyranitar|Knock Off|p2a: Gholdengo\n|-supereffective|p2a: Gholdengo\n|-crit|p2a: Gholdengo\n|-damage|p2a: Gholdengo|0 fnt\n|-enditem|p2a: Gholdengo|Leftovers|[from] move: Knock Off|[of] p1a: Tyranitar\n|faint|p2a: Gholdengo\n|\n|-weather|Sandstorm|[upkeep]\n|-damage|p2b: Gardevoir|0 fnt|[from] Sandstorm\n|faint|p2b: Gardevoir\n|upkeep\n|\n|t:|1734466069\n|switch|p2b: Granbull|Granbull, L50, F|44\/100\n|-ability|p2b: Granbull|Intimidate|boost\n|-fail|p1a: Tyranitar|unboost|[from] item: Clear Amulet|[of] p1a: Tyranitar\n|-unboost|p1b: Mandibuzz|atk|1\n|turn|7\n|\n|t:|1734466088\n|move|p1a: Tyranitar|Protect|p1a: Tyranitar\n|-singleturn|p1a: Tyranitar|Protect\n|move|p2b: Granbull|Play Rough|p1a: Tyranitar\n|-activate|p1a: Tyranitar|move: Protect\n|move|p1b: Mandibuzz|Brave Bird|p2b: Granbull\n|-damage|p2b: Granbull|26\/100\n|-damage|p1b: Mandibuzz|12\/100|[from] Recoil\n|\n|-weather|none\n|upkeep\n|turn|8\n|\n|t:|1734466106\n|move|p1a: Tyranitar|Protect||[still]\n|-fail|p1a: Tyranitar\n|move|p2b: Granbull|Play Rough|p1a: Tyranitar\n|-supereffective|p1a: Tyranitar\n|-damage|p1a: Tyranitar|0 fnt\n|faint|p1a: Tyranitar\n|move|p1b: Mandibuzz|Foul Play|p2b: Granbull\n|-resisted|p2b: Granbull\n|-crit|p2b: Granbull\n|-damage|p2b: Granbull|0 fnt\n|faint|p2b: Granbull\n|\n|win|ClydeFromPacman\n|raw|ClydeFromPacman's rating: 1658 &rarr; <strong>1686<\/strong><br \/>(+28 for winning)\n|raw|chin8's rating: 1813 &rarr; <strong>1785<\/strong><br \/>(-28 for losing)\n|l|\u2606chin8\n|player|p2|\n|l|\u2606ClydeFromPacman\n|player|p1|\n|l| futonkagebunshin\n","uploadtime":1734466369,"views":14,"formatid":"gen9vgc2024regh","rating":1686,"private":0,"password":null}