{"id":"gen9vgc2024regh-2264815944","format":"[Gen 9] VGC 2024 Reg H","players":["bwahacough","Bef6"],"log":"|j|\u2606bwahacough\n|j|\u2606Bef6\n|t:|1734458645\n|gametype|doubles\n|player|p1|bwahacough|medium|1720\n|player|p2|Bef6|lucas|1734\n|teamsize|p1|6\n|teamsize|p2|6\n|gen|9\n|tier|[Gen 9] VGC 2024 Reg H\n|rated|\n|rule|Species Clause: Limit one of each Pok\u00e9mon\n|rule|Item Clause: Limit 1 of each item\n|clearpoke\n|poke|p1|Lycanroc, L50, F|\n|poke|p1|Tyranitar, L50, M|\n|poke|p1|Gholdengo, L50|\n|poke|p1|Mamoswine, L50, F|\n|poke|p1|Murkrow, L50, F|\n|poke|p1|Indeedee-F, L50, F|\n|poke|p2|Archaludon, L50, F|\n|poke|p2|Pelipper, L50, F|\n|poke|p2|Annihilape, L50, M|\n|poke|p2|Grimmsnarl, L50, M|\n|poke|p2|Sinistcha, L50|\n|poke|p2|Ursaluna, L50, F|\n|teampreview|4\n|\n|t:|1734458686\n|start\n|switch|p1a: Gholdengo|Gholdengo, L50|100\/100\n|switch|p1b: Mamoswine|Mamoswine, L50, F|100\/100\n|switch|p2a: Archaludon|Archaludon, L50, F|100\/100\n|switch|p2b: Grimmsnarl|Grimmsnarl, L50, M|100\/100\n|turn|1\n|\n|t:|1734458720\n|-terastallize|p2a: Archaludon|Fighting\n|move|p2b: Grimmsnarl|Light Screen|p2b: Grimmsnarl\n|-sidestart|p2: Bef6|move: Light Screen\n|move|p1b: Mamoswine|High Horsepower|p2a: Archaludon|[miss]\n|-miss|p1b: Mamoswine|p2a: Archaludon\n|move|p1a: Gholdengo|Make It Rain|p2a: Archaludon|[spread] p2a,p2b\n|-supereffective|p2b: Grimmsnarl\n|-damage|p2a: Archaludon|63\/100\n|-damage|p2b: Grimmsnarl|5\/100\n|-unboost|p1a: Gholdengo|spa|1\n|-ability|p2a: Archaludon|Stamina|boost\n|-boost|p2a: Archaludon|def|1\n|move|p2a: Archaludon|Snarl|p1b: Mamoswine|[spread] p1a,p1b\n|-supereffective|p1a: Gholdengo\n|-damage|p1a: Gholdengo|76\/100\n|-damage|p1b: Mamoswine|84\/100\n|-unboost|p1a: Gholdengo|spa|1\n|-unboost|p1b: Mamoswine|spa|1\n|\n|upkeep\n|turn|2\n|\n|t:|1734458745\n|switch|p1a: Tyranitar|Tyranitar, L50, M|100\/100\n|-weather|Sandstorm|[from] ability: Sand Stream|[of] p1a: Tyranitar\n|move|p1b: Mamoswine|Protect|p1b: Mamoswine\n|-singleturn|p1b: Mamoswine|Protect\n|move|p2b: Grimmsnarl|Reflect|p2b: Grimmsnarl\n|-sidestart|p2: Bef6|Reflect\n|move|p2a: Archaludon|Body Press|p1a: Tyranitar\n|-supereffective|p1a: Tyranitar\n|-damage|p1a: Tyranitar|0 fnt\n|faint|p1a: Tyranitar\n|\n|-weather|Sandstorm|[upkeep]\n|-damage|p2a: Archaludon|57\/100|[from] Sandstorm\n|-damage|p2b: Grimmsnarl|0 fnt|[from] Sandstorm\n|faint|p2b: Grimmsnarl\n|upkeep\n|\n|t:|1734458755\n|switch|p1a: Gholdengo|Gholdengo, L50|76\/100\n|switch|p2b: Sinistcha|Sinistcha, L50|100\/100\n|-heal|p2a: Archaludon|82\/100|[from] ability: Hospitality|[of] p2b: Sinistcha\n|turn|3\n|\n|t:|1734458766\n|-terastallize|p1b: Mamoswine|Ghost\n|move|p1b: Mamoswine|Icicle Crash|p2b: Sinistcha\n|-supereffective|p2b: Sinistcha\n|-crit|p2b: Sinistcha\n|-damage|p2b: Sinistcha|0 fnt\n|faint|p2b: Sinistcha\n|-damage|p1b: Mamoswine|75\/100|[from] item: Life Orb\n|move|p1a: Gholdengo|Make It Rain|p2a: Archaludon\n|-damage|p2a: Archaludon|39\/100\n|-unboost|p1a: Gholdengo|spa|1\n|-ability|p2a: Archaludon|Stamina|boost\n|-boost|p2a: Archaludon|def|1\n|move|p2a: Archaludon|Snarl|p1b: Mamoswine|[spread] p1a,p1b\n|-supereffective|p1a: Gholdengo\n|-supereffective|p1b: Mamoswine\n|-damage|p1a: Gholdengo|48\/100\n|-damage|p1b: Mamoswine|43\/100\n|-unboost|p1a: Gholdengo|spa|1\n|-unboost|p1b: Mamoswine|spa|1\n|\n|-weather|Sandstorm|[upkeep]\n|-damage|p1b: Mamoswine|37\/100|[from] Sandstorm\n|-damage|p2a: Archaludon|33\/100|[from] Sandstorm\n|upkeep\n|\n|t:|1734458772\n|switch|p2b: Pelipper|Pelipper, L50, F|100\/100\n|-weather|RainDance|[from] ability: Drizzle|[of] p2b: Pelipper\n|turn|4\n|\n|t:|1734458786\n|move|p1b: Mamoswine|Icicle Crash|p2a: Archaludon\n|-damage|p2a: Archaludon|20\/100\n|-ability|p2a: Archaludon|Stamina|boost\n|-boost|p2a: Archaludon|def|1\n|-damage|p1b: Mamoswine|27\/100|[from] item: Life Orb\n|move|p1a: Gholdengo|Make It Rain|p2a: Archaludon|[spread] p2a,p2b\n|-resisted|p2b: Pelipper\n|-damage|p2a: Archaludon|3\/100\n|-damage|p2b: Pelipper|76\/100\n|-unboost|p1a: Gholdengo|spa|1\n|-ability|p2a: Archaludon|Stamina|boost\n|-boost|p2a: Archaludon|def|1\n|move|p2b: Pelipper|Tailwind|p2b: Pelipper\n|-sidestart|p2: Bef6|move: Tailwind\n|cant|p2a: Archaludon|flinch\n|\n|-weather|RainDance|[upkeep]\n|upkeep\n|turn|5\n|\n|t:|1734458798\n|switch|p1a: Indeedee|Indeedee-F, L50, F, shiny|100\/100\n|-fieldstart|move: Psychic Terrain|[from] ability: Psychic Surge|[of] p1a: Indeedee\n|move|p1b: Mamoswine|Protect|p1b: Mamoswine\n|-singleturn|p1b: Mamoswine|Protect\n|move|p2b: Pelipper|Weather Ball|p1b: Mamoswine\n|-activate|p1b: Mamoswine|move: Protect\n|move|p2a: Archaludon|Electro Shot||[still]\n|-prepare|p2a: Archaludon|Electro Shot\n|-boost|p2a: Archaludon|spa|1\n|-anim|p2a: Archaludon|Electro Shot|p1a: Indeedee\n|-damage|p1a: Indeedee|47\/100\n|\n|-weather|RainDance|[upkeep]\n|upkeep\n|turn|6\n|\n|t:|1734458824\n|move|p1a: Indeedee|Protect|p1a: Indeedee\n|-singleturn|p1a: Indeedee|Protect\n|move|p2b: Pelipper|Weather Ball|p1a: Indeedee\n|-activate|p1a: Indeedee|move: Protect\n|move|p2a: Archaludon|Snarl|p1b: Mamoswine|[spread] p1b\n|-activate|p1a: Indeedee|move: Protect\n|-supereffective|p1b: Mamoswine\n|-crit|p1b: Mamoswine\n|-damage|p1b: Mamoswine|0 fnt\n|faint|p1b: Mamoswine\n|\n|-weather|RainDance|[upkeep]\n|upkeep\n|\n|t:|1734458826\n|switch|p1b: Gholdengo|Gholdengo, L50|48\/100\n|turn|7\n|\n|t:|1734458840\n|move|p1a: Indeedee|Follow Me|p1a: Indeedee\n|-singleturn|p1a: Indeedee|move: Follow Me\n|move|p2b: Pelipper|Weather Ball|p1a: Indeedee\n|-damage|p1a: Indeedee|0 fnt\n|faint|p1a: Indeedee\n|move|p2a: Archaludon|Snarl|p1b: Gholdengo\n|-supereffective|p1b: Gholdengo\n|-damage|p1b: Gholdengo|0 fnt\n|faint|p1b: Gholdengo\n|\n|win|Bef6\n|raw|bwahacough's rating: 1720 &rarr; <strong>1701<\/strong><br \/>(-19 for losing)\n|raw|Bef6's rating: 1734 &rarr; <strong>1753<\/strong><br \/>(+19 for winning)\n|l|\u2606bwahacough\n|player|p1|\n|l|\u2606Bef6\n|player|p2|\n","uploadtime":1734458979,"views":18,"formatid":"gen9vgc2024regh","rating":1701,"private":0,"password":null}