{"id":"gen9vgc2024regh-2265524340","format":"[Gen 9] VGC 2024 Reg H","players":["TerraCroc","Axe is Axe"],"log":"|j|\u2606TerraCroc\n|j|\u2606Axe is Axe\n|t:|1734550736\n|gametype|doubles\n|player|p1|TerraCroc|#rbtt6teamlatiasf|1696\n|player|p2|Axe is Axe|2|1730\n|teamsize|p1|6\n|teamsize|p2|6\n|gen|9\n|tier|[Gen 9] VGC 2024 Reg H\n|rated|\n|rule|Species Clause: Limit one of each Pok\u00e9mon\n|rule|Item Clause: Limit 1 of each item\n|clearpoke\n|poke|p1|Basculegion, L50, M|\n|poke|p1|Archaludon, L50, M|\n|poke|p1|Pelipper, L50, F|\n|poke|p1|Sinistcha, L50|\n|poke|p1|Maushold-Four, L50|\n|poke|p1|Annihilape, L50, M|\n|poke|p2|Gholdengo, L50|\n|poke|p2|Ursaluna-Bloodmoon, L50, M|\n|poke|p2|Talonflame, L50, F|\n|poke|p2|Dragonite, L50, F|\n|poke|p2|Tatsugiri, L50, M|\n|poke|p2|Dondozo, L50, F|\n|teampreview|4\n|j| shihevgrep1\nAxe is Axe rejected open team sheets.\n|\n|t:|1734550765\n|start\n|switch|p1a: Nordsee|Pelipper, L50, F|100\/100\n|switch|p1b: APE STRONG!!|Annihilape, L50, M|100\/100\n|switch|p2a: Ursaluna|Ursaluna-Bloodmoon, L50, M|100\/100\n|switch|p2b: Talonflame|Talonflame, L50, F|100\/100\n|-weather|RainDance|[from] ability: Drizzle|[of] p1a: Nordsee\n|turn|1\n|\n|t:|1734550812\n|move|p2b: Talonflame|Tailwind|p2b: Talonflame\n|-sidestart|p2: Axe is Axe|move: Tailwind\n|move|p1b: APE STRONG!!|U-turn|p2b: Talonflame\n|-resisted|p2b: Talonflame\n|-damage|p2b: Talonflame|93\/100\n|\n|t:|1734550836\n|switch|p1b: Hohenzollern|Archaludon, L50, M|100\/100|[from] U-turn\n|move|p2a: Ursaluna|Hyper Voice|p1b: Hohenzollern|[spread] p1a,p1b\n|-resisted|p1b: Hohenzollern\n|-damage|p1a: Nordsee|8\/100\n|-damage|p1b: Hohenzollern|83\/100\n|-ability|p1b: Hohenzollern|Stamina|boost\n|-boost|p1b: Hohenzollern|def|1\n|-damage|p2a: Ursaluna|91\/100|[from] item: Life Orb\n|move|p1a: Nordsee|Tailwind|p1a: Nordsee\n|-sidestart|p1: TerraCroc|move: Tailwind\n|\n|-weather|RainDance|[upkeep]\n|upkeep\n|turn|2\n|inactive|Battle timer is ON: inactive players will automatically lose when time's up. (requested by Axe is Axe)\n|\n|t:|1734550911\n|-terastallize|p1b: Hohenzollern|Grass\n|move|p2b: Talonflame|Brave Bird|p1a: Nordsee\n|-damage|p1a: Nordsee|0 fnt\n|faint|p1a: Nordsee\n|-damage|p2b: Talonflame|91\/100|[from] Recoil\n|move|p1b: Hohenzollern|Electro Shot||[still]\n|-prepare|p1b: Hohenzollern|Electro Shot\n|-boost|p1b: Hohenzollern|spa|1\n|-anim|p1b: Hohenzollern|Electro Shot|p2b: Talonflame\n|-supereffective|p2b: Talonflame\n|-damage|p2b: Talonflame|0 fnt\n|faint|p2b: Talonflame\n|move|p2a: Ursaluna|Earth Power|p1b: Hohenzollern\n|-resisted|p1b: Hohenzollern\n|-damage|p1b: Hohenzollern|57\/100\n|-ability|p1b: Hohenzollern|Stamina|boost\n|-boost|p1b: Hohenzollern|def|1\n|-damage|p2a: Ursaluna|81\/100|[from] item: Life Orb\n|\n|-weather|RainDance|[upkeep]\n|upkeep\n|\n|t:|1734550928\n|switch|p2b: Dondozo|Dondozo, L50, F|100\/100\n|switch|p1a: der Osten|Basculegion, L50, M|100\/100\n|turn|3\n|inactive|TerraCroc has 30 seconds left.\n|inactive|TerraCroc has 20 seconds left.\n|inactive|Axe is Axe has 30 seconds left.\n|inactive|TerraCroc has 15 seconds left.\n|inactive|TerraCroc has 10 seconds left.\n|\n|t:|1734550973\n|switch|p2a: Tatsugiri|Tatsugiri, L50, M|100\/100\n|-activate|p2a: Tatsugiri|ability: Commander|[of] p2b: Dondozo\n|-boost|p2b: Dondozo|atk|2\n|-boost|p2b: Dondozo|spa|2\n|-boost|p2b: Dondozo|spe|2\n|-boost|p2b: Dondozo|def|2\n|-boost|p2b: Dondozo|spd|2\n|-terastallize|p2b: Dondozo|Grass\n|move|p1a: der Osten|Wave Crash|p2a: Tatsugiri|[miss]\n|-miss|p1a: der Osten|p2a: Tatsugiri\n|move|p2b: Dondozo|Wave Crash|p1b: Hohenzollern\n|-resisted|p1b: Hohenzollern\n|-damage|p1b: Hohenzollern|0 fnt\n|faint|p1b: Hohenzollern\n|-damage|p2b: Dondozo|84\/100|[from] Recoil\n|\n|-weather|RainDance|[upkeep]\n|-heal|p2b: Dondozo|91\/100|[from] item: Leftovers\n|upkeep\n|\n|t:|1734550980\n|switch|p1b: APE STRONG!!|Annihilape, L50, M|100\/100\n|turn|4\n|\n|t:|1734551005\n|move|p2b: Dondozo|Protect|p2b: Dondozo\n|-singleturn|p2b: Dondozo|Protect\n|move|p1a: der Osten|Wave Crash|p2b: Dondozo\n|-activate|p2b: Dondozo|move: Protect\n|move|p1b: APE STRONG!!|Final Gambit|p2b: Dondozo\n|-activate|p2b: Dondozo|move: Protect\n|\n|-weather|RainDance|[upkeep]\n|-heal|p2b: Dondozo|97\/100|[from] item: Leftovers\n|-sideend|p2: Axe is Axe|move: Tailwind\n|-sideend|p1: TerraCroc|move: Tailwind\n|upkeep\n|turn|5\n|inactive|Axe is Axe has 30 seconds left.\n|\n|t:|1734551037\n|move|p1a: der Osten|Wave Crash|p2b: Dondozo\n|-resisted|p2b: Dondozo\n|-damage|p2b: Dondozo|73\/100\n|-damage|p1a: der Osten|92\/100|[from] Recoil\n|move|p1b: APE STRONG!!|Final Gambit|p2b: Dondozo\n|-damage|p2b: Dondozo|0 fnt\n|faint|p1b: APE STRONG!!\n|faint|p2b: Dondozo\n|\n|-weather|none\n|upkeep\n|\n|t:|1734551046\n|switch|p2b: Ursaluna|Ursaluna-Bloodmoon, L50, M|81\/100\n|turn|6\n|\n|t:|1734551062\n|move|p2a: Tatsugiri|Draco Meteor|p1a: der Osten\n|-damage|p1a: der Osten|7\/100\n|-unboost|p2a: Tatsugiri|spa|2\n|move|p1a: der Osten|Wave Crash|p2b: Ursaluna\n|-supereffective|p2b: Ursaluna\n|-damage|p2b: Ursaluna|0 fnt\n|faint|p2b: Ursaluna\n|-damage|p1a: der Osten|0 fnt|[from] Recoil\n|faint|p1a: der Osten\n|\n|win|Axe is Axe\n|raw|TerraCroc's rating: 1696 &rarr; <strong>1678<\/strong><br \/>(-18 for losing)\n|raw|Axe is Axe's rating: 1730 &rarr; <strong>1748<\/strong><br \/>(+18 for winning)\n|c|\u2606TerraCroc|fucking Dozo\n|c|\u2606TerraCroc|get lost\n|l|\u2606TerraCroc\n|player|p1|\n|c|\u2606Axe is Axe|:)\n|c|\u2606Axe is Axe|thx for points\n|l|\u2606Axe is Axe\n|player|p2|\n|j|\u2606TerraCroc\n|player|p1|TerraCroc|#rbtt6teamlatiasf|\n|l|\u2606TerraCroc\n|player|p1|\n","uploadtime":1734551279,"views":14,"formatid":"gen9vgc2024regh","rating":1678,"private":0,"password":null}