{"id":"gen9vgc2024regh-2265616157","format":"[Gen 9] VGC 2024 Reg H","players":["pys_max","Wilkon123"],"log":"|j|\u2606pys_max\n|j|\u2606Wilkon123\n|t:|1734560718\n|gametype|doubles\n|player|p1|pys_max|169|1713\n|player|p2|Wilkon123|170|1680\n|teamsize|p1|6\n|teamsize|p2|6\n|gen|9\n|tier|[Gen 9] VGC 2024 Reg H\n|rated|\n|rule|Species Clause: Limit one of each Pok\u00e9mon\n|rule|Item Clause: Limit 1 of each item\n|clearpoke\n|poke|p1|Pelipper, L50, M|\n|poke|p1|Basculegion, L50, M|\n|poke|p1|Archaludon, L50, M|\n|poke|p1|Sinistcha, L50|\n|poke|p1|Hydreigon, L50, F|\n|poke|p1|Incineroar, L50, M|\n|poke|p2|Tyranitar, L50, F|\n|poke|p2|Sinistcha, L50|\n|poke|p2|Primarina, L50, F|\n|poke|p2|Arcanine-Hisui, L50, F|\n|poke|p2|Gholdengo, L50|\n|poke|p2|Talonflame, L50, M|\n|teampreview|4\n|inactive|Battle timer is ON: inactive players will automatically lose when time's up. (requested by Wilkon123)\n|\n|t:|1734560742\n|start\n|switch|p1a: Hydreigon|Hydreigon, L50, F, shiny|100\/100\n|switch|p1b: Archaludon|Archaludon, L50, M|100\/100\n|switch|p2a: Primarina|Primarina, L50, F|100\/100\n|switch|p2b: Talonflame|Talonflame, L50, M|100\/100\n|turn|1\n|inactive|Wilkon123 has 30 seconds left.\n|\n|t:|1734560775\n|switch|p1a: Pelipper|Pelipper, L50, M|100\/100\n|-weather|RainDance|[from] ability: Drizzle|[of] p1a: Pelipper\n|-terastallize|p2a: Primarina|Grass\n|move|p2b: Talonflame|Tailwind|p2b: Talonflame\n|-sidestart|p2: Wilkon123|move: Tailwind\n|move|p2a: Primarina|Moonblast|p1a: Pelipper\n|-damage|p1a: Pelipper|14\/100\n|move|p1b: Archaludon|Electro Shot||[still]\n|-prepare|p1b: Archaludon|Electro Shot\n|-boost|p1b: Archaludon|spa|1\n|-anim|p1b: Archaludon|Electro Shot|p2a: Primarina\n|-resisted|p2a: Primarina\n|-damage|p2a: Primarina|75\/100\n|\n|-weather|RainDance|[upkeep]\n|upkeep\n|turn|2\n|inactive|Wilkon123 has 30 seconds left.\n|\n|t:|1734560800\n|switch|p2b: Tyranitar|Tyranitar, L50, F|100\/100\n|-weather|Sandstorm|[from] ability: Sand Stream|[of] p2b: Tyranitar\n|move|p1a: Pelipper|Protect|p1a: Pelipper\n|-singleturn|p1a: Pelipper|Protect\n|move|p2a: Primarina|Hyper Voice|p1b: Archaludon|[spread] p1b\n|-activate|p1a: Pelipper|move: Protect\n|-resisted|p1b: Archaludon\n|-damage|p1b: Archaludon|75\/100\n|-ability|p1b: Archaludon|Stamina|boost\n|-boost|p1b: Archaludon|def|1\n|-enditem|p2a: Primarina|Throat Spray\n|-boost|p2a: Primarina|spa|1|[from] item: Throat Spray\n|move|p1b: Archaludon|Flash Cannon|p2a: Primarina\n|-damage|p2a: Primarina|22\/100\n|\n|-weather|Sandstorm|[upkeep]\n|-damage|p2a: Primarina|16\/100|[from] Sandstorm\n|-damage|p1a: Pelipper|8\/100|[from] Sandstorm\n|upkeep\n|turn|3\n|inactive|pys_max has 30 seconds left.\n|\n|t:|1734560830\n|move|p1b: Archaludon|Protect|p1b: Archaludon\n|-singleturn|p1b: Archaludon|Protect\n|move|p2b: Tyranitar|Knock Off|p1b: Archaludon\n|-activate|p1b: Archaludon|move: Protect\n|move|p2a: Primarina|Moonblast|p1b: Archaludon\n|-activate|p1b: Archaludon|move: Protect\n|move|p1a: Pelipper|Tailwind|p1a: Pelipper\n|-sidestart|p1: pys_max|move: Tailwind\n|\n|-weather|Sandstorm|[upkeep]\n|-damage|p1a: Pelipper|2\/100|[from] Sandstorm\n|-damage|p2a: Primarina|10\/100|[from] Sandstorm\n|upkeep\n|turn|4\n|inactive|Wilkon123 has 30 seconds left.\n|\n|t:|1734560861\n|move|p1b: Archaludon|Electro Shot||[still]\n|-prepare|p1b: Archaludon|Electro Shot\n|-boost|p1b: Archaludon|spa|1\n|-enditem|p1b: Archaludon|Power Herb\n|-anim|p1b: Archaludon|Electro Shot|p2b: Tyranitar\n|-damage|p2b: Tyranitar|66\/100\n|move|p1a: Pelipper|Weather Ball|p2a: Primarina\n|-damage|p2a: Primarina|0 fnt\n|faint|p2a: Primarina\n|move|p2b: Tyranitar|Knock Off|p1b: Archaludon\n|-damage|p1b: Archaludon|53\/100\n|-ability|p1b: Archaludon|Stamina|boost\n|-boost|p1b: Archaludon|def|1\n|\n|-weather|Sandstorm|[upkeep]\n|-damage|p1a: Pelipper|0 fnt|[from] Sandstorm\n|faint|p1a: Pelipper\n|-sideend|p2: Wilkon123|move: Tailwind\n|upkeep\n|\n|t:|1734560880\n|switch|p1a: Basculegion|Basculegion, L50, M|100\/100\n|switch|p2a: Talonflame|Talonflame, L50, M|100\/100\n|turn|5\n|\n|t:|1734560901\n|move|p2a: Talonflame|Tailwind|p2a: Talonflame\n|-sidestart|p2: Wilkon123|move: Tailwind\n|move|p1a: Basculegion|Wave Crash|p2b: Tyranitar\n|-supereffective|p2b: Tyranitar\n|-damage|p2b: Tyranitar|0 fnt\n|faint|p2b: Tyranitar\n|-damage|p1a: Basculegion|79\/100|[from] Recoil\n|move|p1b: Archaludon|Draco Meteor|p2a: Talonflame\n|-damage|p2a: Talonflame|0 fnt\n|-unboost|p1b: Archaludon|spa|2\n|faint|p2a: Talonflame\n|\n|-weather|Sandstorm|[upkeep]\n|-damage|p1a: Basculegion|73\/100|[from] Sandstorm\n|upkeep\n|\n|t:|1734560918\n|switch|p2a: Gholdengo|Gholdengo, L50|100\/100\n|turn|6\n|\n|t:|1734560926\n|move|p1a: Basculegion|Wave Crash|p2a: Gholdengo\n|-damage|p2a: Gholdengo|22\/100\n|-damage|p1a: Basculegion|49\/100|[from] Recoil\n|move|p1b: Archaludon|Draco Meteor|p2a: Gholdengo|[miss]\n|-miss|p1b: Archaludon|p2a: Gholdengo\n|move|p2a: Gholdengo|Dazzling Gleam|p1a: Basculegion|[spread] p1a,p1b\n|-damage|p1a: Basculegion|9\/100\n|-damage|p1b: Archaludon|0 fnt\n|faint|p1b: Archaludon\n|\n|-weather|none\n|-sideend|p1: pys_max|move: Tailwind\n|upkeep\n|\n|t:|1734560935\n|switch|p1b: Hydreigon|Hydreigon, L50, F, shiny|100\/100\n|turn|7\n|c|\u2606Wilkon123|gg\n|\n|t:|1734560942\n|-terastallize|p1b: Hydreigon|Ghost\n|move|p2a: Gholdengo|Dazzling Gleam|p1b: Hydreigon|[spread] p1a,p1b\n|-damage|p1a: Basculegion|0 fnt\n|-damage|p1b: Hydreigon|63\/100\n|faint|p1a: Basculegion\n|move|p1b: Hydreigon|Snarl|p2a: Gholdengo\n|-supereffective|p2a: Gholdengo\n|-damage|p2a: Gholdengo|0 fnt\n|faint|p2a: Gholdengo\n|\n|win|pys_max\n|raw|pys_max's rating: 1713 &rarr; <strong>1731<\/strong><br \/>(+18 for winning)\n|raw|Wilkon123's rating: 1680 &rarr; <strong>1662<\/strong><br \/>(-18 for losing)\n|c|\u2606pys_max|Gg\n|l|\u2606Wilkon123\n|player|p2|\n|l|\u2606pys_max\n|player|p1|\n","uploadtime":1734560954,"views":12,"formatid":"gen9vgc2024regh","rating":1662,"private":0,"password":null}