{"id":"gen9vgc2024regh-2265536869","format":"[Gen 9] VGC 2024 Reg H","players":["Bef6","Axe is Axe"],"log":"|j|\u2606Bef6\n|j|\u2606Axe is Axe\n|t:|1734552025\n|gametype|doubles\n|player|p1|Bef6|lucas|1892\n|player|p2|Axe is Axe|2|1760\n|teamsize|p1|6\n|teamsize|p2|6\n|gen|9\n|tier|[Gen 9] VGC 2024 Reg H\n|rated|\n|rule|Species Clause: Limit one of each Pok\u00e9mon\n|rule|Item Clause: Limit 1 of each item\n|clearpoke\n|poke|p1|Archaludon, L50, F|\n|poke|p1|Pelipper, L50, M|\n|poke|p1|Annihilape, L50, M|\n|poke|p1|Grimmsnarl, L50, M|\n|poke|p1|Sinistcha, L50|\n|poke|p1|Ursaluna, L50, F|\n|poke|p2|Gholdengo, L50|\n|poke|p2|Ursaluna-Bloodmoon, L50, M|\n|poke|p2|Talonflame, L50, F|\n|poke|p2|Dragonite, L50, M|\n|poke|p2|Tatsugiri, L50, F|\n|poke|p2|Dondozo, L50, M|\n|teampreview|4\n|inactive|Battle timer is ON: inactive players will automatically lose when time's up. (requested by Bef6)\n|\n|t:|1734552070\n|start\n|switch|p1a: Pelipper|Pelipper, L50, M|100\/100\n|switch|p1b: Archaludon|Archaludon, L50, F|100\/100\n|switch|p2a: Ursaluna|Ursaluna-Bloodmoon, L50, M|100\/100\n|switch|p2b: Talonflame|Talonflame, L50, F|100\/100\n|-weather|RainDance|[from] ability: Drizzle|[of] p1a: Pelipper\n|turn|1\n|\n|t:|1734552080\n|move|p2b: Talonflame|Tailwind|p2b: Talonflame\n|-sidestart|p2: Axe is Axe|move: Tailwind\n|move|p2a: Ursaluna|Hyper Voice|p1b: Archaludon|[spread] p1a,p1b\n|-resisted|p1b: Archaludon\n|-damage|p1a: Pelipper|14\/100\n|-damage|p1b: Archaludon|85\/100\n|-ability|p1b: Archaludon|Stamina|boost\n|-boost|p1b: Archaludon|def|1\n|-damage|p2a: Ursaluna|91\/100|[from] item: Life Orb\n|move|p1a: Pelipper|Weather Ball|p2a: Ursaluna\n|-supereffective|p2a: Ursaluna\n|-damage|p2a: Ursaluna|0 fnt\n|faint|p2a: Ursaluna\n|move|p1b: Archaludon|Electro Shot||[still]\n|-prepare|p1b: Archaludon|Electro Shot\n|-boost|p1b: Archaludon|spa|1\n|-anim|p1b: Archaludon|Electro Shot|p2b: Talonflame\n|-supereffective|p2b: Talonflame\n|-damage|p2b: Talonflame|0 fnt\n|faint|p2b: Talonflame\n|\n|-weather|RainDance|[upkeep]\n|upkeep\n|\n|t:|1734552091\n|switch|p2b: Tatsugiri|Tatsugiri, L50, F|100\/100\n|switch|p2a: Dondozo|Dondozo, L50, M|100\/100\n|-activate|p2b: Tatsugiri|ability: Commander|[of] p2a: Dondozo\n|-boost|p2a: Dondozo|atk|2\n|-boost|p2a: Dondozo|spa|2\n|-boost|p2a: Dondozo|spe|2\n|-boost|p2a: Dondozo|def|2\n|-boost|p2a: Dondozo|spd|2\n|turn|2\n|\n|t:|1734552110\n|-terastallize|p2a: Dondozo|Grass\n|move|p2a: Dondozo|Order Up|p1a: Pelipper\n|-damage|p1a: Pelipper|0 fnt\n|faint|p1a: Pelipper\n|-boost|p2a: Dondozo|atk|1\n|move|p1b: Archaludon|Electro Shot||[still]\n|-prepare|p1b: Archaludon|Electro Shot\n|-boost|p1b: Archaludon|spa|1\n|-anim|p1b: Archaludon|Electro Shot|p2a: Dondozo\n|-resisted|p2a: Dondozo\n|-damage|p2a: Dondozo|90\/100\n|\n|-weather|RainDance|[upkeep]\n|-heal|p2a: Dondozo|96\/100|[from] item: Leftovers\n|upkeep\n|\n|t:|1734552117\n|switch|p1a: Sinistcha|Sinistcha, L50|100\/100\n|-heal|p1b: Archaludon|100\/100|[from] ability: Hospitality|[of] p1a: Sinistcha\n|turn|3\n|\n|t:|1734552134\n|switch|p1b: Ursaluna|Ursaluna, L50, F|100\/100\n|move|p2a: Dondozo|Earthquake|p1a: Sinistcha|[spread] p1a,p1b\n|-miss|p2a: Dondozo|p2b: Tatsugiri\n|-resisted|p1a: Sinistcha\n|-crit|p1a: Sinistcha\n|-damage|p1a: Sinistcha|60\/100\n|-damage|p1b: Ursaluna|54\/100\n|move|p1a: Sinistcha|Trick Room|p1a: Sinistcha\n|-fieldstart|move: Trick Room|[of] p1a: Sinistcha\n|\n|-weather|RainDance|[upkeep]\n|-heal|p2a: Dondozo|100\/100|[from] item: Leftovers\n|-status|p1b: Ursaluna|brn|[from] item: Flame Orb\n|upkeep\n|turn|4\n|\n|t:|1734552146\n|move|p1b: Ursaluna|Protect|p1b: Ursaluna\n|-singleturn|p1b: Ursaluna|Protect\n|move|p1a: Sinistcha|Life Dew|p1a: Sinistcha|[spread] p1a,p1b\n|-heal|p1a: Sinistcha|85\/100\n|-heal|p1b: Ursaluna|79\/100 brn\n|move|p2a: Dondozo|Wave Crash|p1b: Ursaluna\n|-activate|p1b: Ursaluna|move: Protect\n|\n|-weather|RainDance|[upkeep]\n|-damage|p1b: Ursaluna|73\/100 brn|[from] brn\n|-sideend|p2: Axe is Axe|move: Tailwind\n|upkeep\n|turn|5\n|\n|t:|1734552154\n|move|p1a: Sinistcha|Matcha Gotcha|p2a: Dondozo|[spread] p2a\n|-miss|p1a: Sinistcha|p2b: Tatsugiri\n|-resisted|p2a: Dondozo\n|-crit|p2a: Dondozo\n|-damage|p2a: Dondozo|80\/100\n|-heal|p1a: Sinistcha|98\/100|[from] drain|[of] p2a: Dondozo\n|move|p1b: Ursaluna|Facade|p2a: Dondozo\n|-damage|p2a: Dondozo|35\/100\n|move|p2a: Dondozo|Wave Crash|p1b: Ursaluna\n|-supereffective|p1b: Ursaluna\n|-damage|p1b: Ursaluna|0 fnt\n|faint|p1b: Ursaluna\n|-damage|p2a: Dondozo|12\/100|[from] Recoil\n|\n|-weather|none\n|-heal|p2a: Dondozo|18\/100|[from] item: Leftovers\n|upkeep\n|\n|t:|1734552166\n|switch|p1b: Archaludon|Archaludon, L50, F|100\/100\n|turn|6\n|\n|t:|1734552172\n|move|p2a: Dondozo|Protect|p2a: Dondozo\n|-singleturn|p2a: Dondozo|Protect\n|move|p1a: Sinistcha|Matcha Gotcha|p2b: Tatsugiri|[spread] \n|-miss|p1a: Sinistcha|p2b: Tatsugiri\n|-activate|p2a: Dondozo|move: Protect\n|move|p1b: Archaludon|Flash Cannon|p2a: Dondozo\n|-activate|p2a: Dondozo|move: Protect\n|\n|-heal|p2a: Dondozo|24\/100|[from] item: Leftovers\n|upkeep\n|turn|7\n|\n|t:|1734552189\n|move|p1a: Sinistcha|Matcha Gotcha|p2b: Tatsugiri|[spread] p2a\n|-miss|p1a: Sinistcha|p2b: Tatsugiri\n|-resisted|p2a: Dondozo\n|-damage|p2a: Dondozo|18\/100\n|-heal|p1a: Sinistcha|100\/100|[from] drain|[of] p2a: Dondozo\n|move|p1b: Archaludon|Flash Cannon|p2a: Dondozo\n|-damage|p2a: Dondozo|0 fnt\n|faint|p2a: Dondozo\n|\n|-fieldend|move: Trick Room\n|upkeep\n|turn|8\n|\n|t:|1734552206\n|-terastallize|p1b: Archaludon|Fighting\n|move|p2b: Tatsugiri|Muddy Water|p1a: Sinistcha|[spread] p1a,p1b\n|-resisted|p1a: Sinistcha\n|-damage|p1a: Sinistcha|86\/100\n|-damage|p1b: Archaludon|77\/100\n|-ability|p1b: Archaludon|Stamina|boost\n|-boost|p1b: Archaludon|def|1\n|move|p1b: Archaludon|Snarl|p2b: Tatsugiri\n|-damage|p2b: Tatsugiri|82\/100\n|-unboost|p2b: Tatsugiri|spa|1\n|move|p1a: Sinistcha|Trick Room|p1a: Sinistcha\n|-fieldstart|move: Trick Room|[of] p1a: Sinistcha\n|\n|upkeep\n|turn|9\n|\n|t:|1734552216\n|move|p1a: Sinistcha|Life Dew|p1a: Sinistcha|[spread] p1a,p1b\n|-heal|p1a: Sinistcha|100\/100\n|-heal|p1b: Archaludon|100\/100\n|move|p1b: Archaludon|Body Press|p2b: Tatsugiri\n|-damage|p2b: Tatsugiri|0 fnt\n|faint|p2b: Tatsugiri\n|\n|win|Bef6\n|raw|Bef6's rating: 1892 &rarr; <strong>1905<\/strong><br \/>(+13 for winning)\n|raw|Axe is Axe's rating: 1760 &rarr; <strong>1747<\/strong><br \/>(-13 for losing)\n|l|\u2606Axe is Axe\n|player|p2|\n|l|\u2606Bef6\n|player|p1|\n","uploadtime":1734552385,"views":29,"formatid":"gen9vgc2024regh","rating":1747,"private":0,"password":null}