{"id":"gen9vgc2024regh-2265236441","format":"[Gen 9] VGC 2024 Reg H","players":["lichuweijixi","Bef6"],"log":"|j|\u2606lichuweijixi\n|j|\u2606Bef6\n|t:|1734517142\n|gametype|doubles\n|player|p1|lichuweijixi|265|1715\n|player|p2|Bef6|lucas|1795\n|teamsize|p1|6\n|teamsize|p2|6\n|gen|9\n|tier|[Gen 9] VGC 2024 Reg H\n|rated|\n|rule|Species Clause: Limit one of each Pok\u00e9mon\n|rule|Item Clause: Limit 1 of each item\n|clearpoke\n|poke|p1|Dragonite, L50, M|\n|poke|p1|Gholdengo, L50|\n|poke|p1|Dondozo, L50, M|\n|poke|p1|Tatsugiri, L50, M|\n|poke|p1|Annihilape, L50, F|\n|poke|p1|Ursaluna-Bloodmoon, L50, M|\n|poke|p2|Archaludon, L50, M|\n|poke|p2|Pelipper, L50, F|\n|poke|p2|Annihilape, L50, F|\n|poke|p2|Grimmsnarl, L50, M|\n|poke|p2|Sinistcha, L50|\n|poke|p2|Ursaluna, L50, M|\n|teampreview|4\n|\n|t:|1734517185\n|start\n|switch|p1a: Gholdengo|Gholdengo, L50, shiny|100\/100\n|switch|p1b: Dondozo|Dondozo, L50, M|100\/100\n|switch|p2a: Pelipper|Pelipper, L50, F|100\/100\n|switch|p2b: Archaludon|Archaludon, L50, M|100\/100\n|-weather|RainDance|[from] ability: Drizzle|[of] p2a: Pelipper\n|turn|1\n|\n|t:|1734517208\n|move|p1a: Gholdengo|Make It Rain|p2b: Archaludon|[spread] p2a,p2b\n|-resisted|p2a: Pelipper\n|-resisted|p2b: Archaludon\n|-damage|p2a: Pelipper|56\/100\n|-damage|p2b: Archaludon|85\/100\n|-unboost|p1a: Gholdengo|spa|1\n|-ability|p2b: Archaludon|Stamina|boost\n|-boost|p2b: Archaludon|def|1\n|move|p2a: Pelipper|Tailwind|p2a: Pelipper\n|-sidestart|p2: Bef6|move: Tailwind\n|move|p2b: Archaludon|Electro Shot||[still]\n|-prepare|p2b: Archaludon|Electro Shot\n|-boost|p2b: Archaludon|spa|1\n|-anim|p2b: Archaludon|Electro Shot|p1b: Dondozo\n|-supereffective|p1b: Dondozo\n|-damage|p1b: Dondozo|16\/100\n|move|p1b: Dondozo|Rock Slide|p2a: Pelipper|[spread] p2a,p2b\n|-supereffective|p2a: Pelipper\n|-resisted|p2b: Archaludon\n|-damage|p2a: Pelipper|0 fnt\n|-damage|p2b: Archaludon|78\/100\n|-ability|p2b: Archaludon|Stamina|boost\n|-boost|p2b: Archaludon|def|1\n|faint|p2a: Pelipper\n|-damage|p1b: Dondozo|6\/100|[from] item: Life Orb\n|\n|-weather|RainDance|[upkeep]\n|upkeep\n|\n|t:|1734517217\n|switch|p2a: Sinistcha|Sinistcha, L50|100\/100\n|-heal|p2b: Archaludon|100\/100|[from] ability: Hospitality|[of] p2a: Sinistcha\n|turn|2\n|\n|t:|1734517239\n|switch|p1a: Tatsugiri|Tatsugiri, L50, M|100\/100\n|-activate|p1a: Tatsugiri|ability: Commander|[of] p1b: Dondozo\n|-boost|p1b: Dondozo|atk|2\n|-boost|p1b: Dondozo|spa|2\n|-boost|p1b: Dondozo|spe|2\n|-boost|p1b: Dondozo|def|2\n|-boost|p1b: Dondozo|spd|2\n|move|p2b: Archaludon|Electro Shot||[still]\n|-prepare|p2b: Archaludon|Electro Shot\n|-boost|p2b: Archaludon|spa|1\n|-anim|p2b: Archaludon|Electro Shot|p1a: Tatsugiri|[miss]\n|-miss|p2b: Archaludon|p1a: Tatsugiri\n|move|p2a: Sinistcha|Matcha Gotcha|p1a: Tatsugiri|[spread] p1b\n|-miss|p2a: Sinistcha|p1a: Tatsugiri\n|-supereffective|p1b: Dondozo\n|-damage|p1b: Dondozo|0 fnt\n|faint|p1b: Dondozo\n|\n|-weather|RainDance|[upkeep]\n|upkeep\n|\n|t:|1734517260\n|switch|p1b: Dragonite|Dragonite, L50, M, shiny|100\/100\n|turn|3\n|\n|t:|1734517268\n|move|p1a: Tatsugiri|Protect|p1a: Tatsugiri\n|-singleturn|p1a: Tatsugiri|Protect\n|move|p2b: Archaludon|Electro Shot||[still]\n|-prepare|p2b: Archaludon|Electro Shot\n|-boost|p2b: Archaludon|spa|1\n|-anim|p2b: Archaludon|Electro Shot|p1b: Dragonite\n|-damage|p1b: Dragonite|54\/100\n|move|p2a: Sinistcha|Matcha Gotcha|p1a: Tatsugiri|[spread] p1b\n|-activate|p1a: Tatsugiri|move: Protect\n|-resisted|p1b: Dragonite\n|-damage|p1b: Dragonite|48\/100\n|-status|p1b: Dragonite|brn\n|move|p1b: Dragonite|Tailwind|p1b: Dragonite\n|-sidestart|p1: lichuweijixi|move: Tailwind\n|\n|-weather|RainDance|[upkeep]\n|-damage|p1b: Dragonite|42\/100 brn|[from] brn\n|upkeep\n|turn|4\n|\n|t:|1734517295\n|-terastallize|p1a: Tatsugiri|Stellar\n|move|p1a: Tatsugiri|Draco Meteor|p2b: Archaludon\n|-damage|p2b: Archaludon|33\/100\n|-unboost|p1a: Tatsugiri|spa|2\n|-ability|p2b: Archaludon|Stamina|boost\n|-boost|p2b: Archaludon|def|1\n|move|p1b: Dragonite|Scale Shot|p2b: Archaludon\n|-damage|p2b: Archaludon|31\/100\n|-ability|p2b: Archaludon|Stamina|boost\n|-boost|p2b: Archaludon|def|1\n|-damage|p2b: Archaludon|30\/100\n|-ability|p2b: Archaludon|Stamina|boost\n|-boost|p2b: Archaludon|def|1\n|-damage|p2b: Archaludon|28\/100\n|-ability|p2b: Archaludon|Stamina|boost\n|-boost|p2b: Archaludon|def|1\n|-damage|p2b: Archaludon|27\/100\n|-hitcount|p2b: Archaludon|4\n|-unboost|p1b: Dragonite|def|1\n|-boost|p1b: Dragonite|spe|1\n|move|p2b: Archaludon|Snarl|p1a: Tatsugiri|[spread] p1a,p1b\n|-damage|p1a: Tatsugiri|64\/100\n|-damage|p1b: Dragonite|14\/100 brn\n|-unboost|p1a: Tatsugiri|spa|1\n|-unboost|p1b: Dragonite|spa|1\n|move|p2a: Sinistcha|Trick Room|p2a: Sinistcha\n|-fieldstart|move: Trick Room|[of] p2a: Sinistcha\n|\n|-weather|RainDance|[upkeep]\n|-damage|p1b: Dragonite|8\/100 brn|[from] brn\n|-sideend|p2: Bef6|move: Tailwind\n|upkeep\n|turn|5\n|-message|lichuweijixi forfeited.\n|\n|win|Bef6\n|raw|lichuweijixi's rating: 1715 &rarr; <strong>1700<\/strong><br \/>(-15 for losing)\n|raw|Bef6's rating: 1795 &rarr; <strong>1810<\/strong><br \/>(+15 for winning)\n|l|\u2606lichuweijixi\n|player|p1|\n|l|\u2606Bef6\n|player|p2|\n","uploadtime":1734517544,"views":31,"formatid":"gen9vgc2024regh","rating":1700,"private":0,"password":null}