{"id":"gen9vgc2024regh-2265057197","format":"[Gen 9] VGC 2024 Reg H","players":["hazelGranger","Hurric4ne Tracker"],"log":"|j|\u2606hazelGranger\n|j|\u2606Hurric4ne Tracker\n|t:|1734486455\n|gametype|doubles\n|player|p1|hazelGranger|102|1664\n|player|p2|Hurric4ne Tracker|interviewers|1783\n|teamsize|p1|6\n|teamsize|p2|6\n|gen|9\n|tier|[Gen 9] VGC 2024 Reg H\n|rated|\n|rule|Species Clause: Limit one of each Pok\u00e9mon\n|rule|Item Clause: Limit 1 of each item\n|clearpoke\n|poke|p1|Arboliva, L50, F|\n|poke|p1|Slowking, L50, M|\n|poke|p1|Torkoal, L50, F|\n|poke|p1|Annihilape, L50, M|\n|poke|p1|Bruxish, L50, M|\n|poke|p1|Typhlosion-Hisui, L50, M|\n|poke|p2|Sneasler, L50, F|\n|poke|p2|Dondozo, L50, M|\n|poke|p2|Tatsugiri, L50, F|\n|poke|p2|Rillaboom, L50, M|\n|poke|p2|Kilowattrel, L50, F|\n|poke|p2|Dragonite, L50, F|\n|teampreview|4\n|inactive|Battle timer is ON: inactive players will automatically lose when time's up. (requested by hazelGranger)\n|\n|t:|1734486494\n|start\n|switch|p1a: Annihilape|Annihilape, L50, M|100\/100\n|switch|p1b: Bruxish|Bruxish, L50, M|100\/100\n|switch|p2a: Sneasler|Sneasler, L50, F|100\/100\n|switch|p2b: Dragonite|Dragonite, L50, F|100\/100\n|turn|1\n|\n|t:|1734486509\n|-terastallize|p2a: Sneasler|Dark\n|move|p2b: Dragonite|Protect|p2b: Dragonite\n|-singleturn|p2b: Dragonite|Protect\n|move|p1a: Annihilape|Final Gambit|p2b: Dragonite\n|-activate|p2b: Dragonite|move: Protect\n|move|p2a: Sneasler|Night Slash|p1a: Annihilape\n|-damage|p1a: Annihilape|63\/100\n|move|p1b: Bruxish|Trick Room|p1b: Bruxish\n|-fieldstart|move: Trick Room|[of] p1b: Bruxish\n|\n|upkeep\n|turn|2\n|inactive|hazelGranger has 30 seconds left.\n|inactive|Hurric4ne Tracker has 30 seconds left.\n|\n|t:|1734486543\n|switch|p1a: Torkoal|Torkoal, L50, F|100\/100\n|-weather|SunnyDay|[from] ability: Drought|[of] p1a: Torkoal\n|move|p1b: Bruxish|Aqua Jet|p1a: Torkoal\n|-supereffective|p1a: Torkoal\n|-damage|p1a: Torkoal|93\/100\n|-enditem|p1a: Torkoal|Weakness Policy\n|-boost|p1a: Torkoal|atk|2|[from] item: Weakness Policy\n|-boost|p1a: Torkoal|spa|2|[from] item: Weakness Policy\n|move|p2b: Dragonite|Scale Shot|p1a: Torkoal\n|-crit|p1a: Torkoal\n|-damage|p1a: Torkoal|75\/100\n|-damage|p1a: Torkoal|64\/100\n|-damage|p1a: Torkoal|54\/100\n|-crit|p1a: Torkoal\n|-damage|p1a: Torkoal|37\/100\n|-damage|p1a: Torkoal|26\/100\n|-hitcount|p1a: Torkoal|5\n|-unboost|p2b: Dragonite|def|1\n|-boost|p2b: Dragonite|spe|1\n|move|p2a: Sneasler|Dire Claw|p1b: Bruxish\n|-damage|p1b: Bruxish|50\/100\n|-status|p1b: Bruxish|par\n|-enditem|p1b: Bruxish|Sitrus Berry|[eat]\n|-heal|p1b: Bruxish|75\/100 par|[from] item: Sitrus Berry\n|\n|-weather|SunnyDay|[upkeep]\n|upkeep\n|turn|3\n|inactive|hazelGranger has 30 seconds left.\n|inactive|Hurric4ne Tracker has 30 seconds left.\n|inactive|Hurric4ne Tracker has 20 seconds left.\n|inactive|hazelGranger has 20 seconds left.\n|inactive|Hurric4ne Tracker has 15 seconds left.\n|inactive|hazelGranger has 15 seconds left.\n|inactive|Hurric4ne Tracker has 10 seconds left.\n|\n|t:|1734486590\n|move|p2b: Dragonite|Extreme Speed||[still]\n|cant|p1b: Bruxish|ability: Dazzling|Extreme Speed|[of] p2b: Dragonite\n|move|p1a: Torkoal|Weather Ball|p2a: Sneasler\n|-enditem|p2a: Sneasler|Focus Sash\n|-damage|p2a: Sneasler|1\/100\n|move|p1b: Bruxish|Flip Turn|p2a: Sneasler\n|-damage|p2a: Sneasler|0 fnt\n|faint|p2a: Sneasler\n|\n|t:|1734486600\n|switch|p1b: Arboliva|Arboliva, L50, F|100\/100|[from] Flip Turn\n|\n|-weather|SunnyDay|[upkeep]\n|upkeep\n|\n|t:|1734486606\n|switch|p2a: Dondozo|Dondozo, L50, M|100\/100\n|turn|4\n|\n|t:|1734486622\n|move|p2a: Dondozo|Protect|p2a: Dondozo\n|-singleturn|p2a: Dondozo|Protect\n|move|p1a: Torkoal|Earth Power|p2a: Dondozo\n|-activate|p2a: Dondozo|move: Protect\n|move|p1b: Arboliva|Energy Ball|p2a: Dondozo\n|-activate|p2a: Dondozo|move: Protect\n|move|p2b: Dragonite|Scale Shot|p1a: Torkoal\n|-damage|p1a: Torkoal|15\/100\n|-damage|p1a: Torkoal|4\/100\n|-damage|p1a: Torkoal|0 fnt\n|faint|p1a: Torkoal\n|-hitcount|p1: Torkoal|3\n|-unboost|p2b: Dragonite|def|1\n|-boost|p2b: Dragonite|spe|1\n|\n|-weather|SunnyDay|[upkeep]\n|upkeep\n|\n|t:|1734486639\n|switch|p1a: Annihilape|Annihilape, L50, M|63\/100\n|turn|5\n|\n|t:|1734486660\n|switch|p2b: Tatsugiri|Tatsugiri, L50, F, shiny|100\/100\n|-activate|p2b: Tatsugiri|ability: Commander|[of] p2a: Dondozo\n|-boost|p2a: Dondozo|atk|2\n|-boost|p2a: Dondozo|spa|2\n|-boost|p2a: Dondozo|spe|2\n|-boost|p2a: Dondozo|def|2\n|-boost|p2a: Dondozo|spd|2\n|move|p1b: Arboliva|Energy Ball|p2a: Dondozo\n|-supereffective|p2a: Dondozo\n|-damage|p2a: Dondozo|44\/100\n|move|p2a: Dondozo|Order Up|p1a: Annihilape\n|-damage|p1a: Annihilape|12\/100\n|-boost|p2a: Dondozo|atk|1\n|move|p1a: Annihilape|Final Gambit|p2a: Dondozo\n|-damage|p2a: Dondozo|33\/100\n|faint|p1a: Annihilape\n|\n|-weather|SunnyDay|[upkeep]\n|-heal|p2a: Dondozo|39\/100|[from] item: Leftovers\n|-fieldend|move: Trick Room\n|upkeep\n|\n|t:|1734486677\n|switch|p1a: Bruxish|Bruxish, L50, M|75\/100 par\n|turn|6\n|\n|t:|1734486692\n|-terastallize|p1a: Bruxish|Fairy\n|move|p2a: Dondozo|Order Up|p1a: Bruxish\n|-immune|p1a: Bruxish\n|move|p1b: Arboliva|Hyper Voice|p2a: Dondozo|[spread] p2a\n|-miss|p1b: Arboliva|p2b: Tatsugiri\n|-damage|p2a: Dondozo|19\/100\n|-enditem|p1b: Arboliva|Throat Spray\n|-boost|p1b: Arboliva|spa|1|[from] item: Throat Spray\n|move|p1a: Bruxish|Trick Room|p1a: Bruxish\n|-fieldstart|move: Trick Room|[of] p1a: Bruxish\n|\n|-weather|none\n|-heal|p2a: Dondozo|25\/100|[from] item: Leftovers\n|upkeep\n|turn|7\n|\n|t:|1734486711\n|move|p1a: Bruxish|Aqua Jet|p1b: Arboliva\n|-resisted|p1b: Arboliva\n|-damage|p1b: Arboliva|92\/100\n|-fieldstart|move: Grassy Terrain|[from] ability: Seed Sower|[of] p1b: Arboliva\n|move|p1b: Arboliva|Energy Ball|p2a: Dondozo\n|-supereffective|p2a: Dondozo\n|-damage|p2a: Dondozo|0 fnt\n|faint|p2a: Dondozo\n|\n|-heal|p1b: Arboliva|98\/100|[from] Grassy Terrain\n|-heal|p1a: Bruxish|80\/100 par|[from] Grassy Terrain\n|upkeep\n|\n|t:|1734486718\n|switch|p2a: Dragonite|Dragonite, L50, F|100\/100\n|turn|8\n|\n|t:|1734486732\n|cant|p1a: Bruxish|par\n|move|p1b: Arboliva|Hyper Voice|p2b: Tatsugiri|[spread] p2a,p2b\n|-crit|p2b: Tatsugiri\n|-damage|p2a: Dragonite|70\/100\n|-damage|p2b: Tatsugiri|0 fnt\n|faint|p2b: Tatsugiri\n|move|p2a: Dragonite|Tera Blast|p1a: Bruxish\n|-damage|p1a: Bruxish|59\/100 par\n|\n|-heal|p1b: Arboliva|100\/100|[from] Grassy Terrain\n|-heal|p1a: Bruxish|65\/100 par|[from] Grassy Terrain\n|upkeep\n|turn|9\n|-message|Hurric4ne Tracker forfeited.\n|\n|win|hazelGranger\n|raw|hazelGranger's rating: 1664 &rarr; <strong>1691<\/strong><br \/>(+27 for winning)\n|raw|Hurric4ne Tracker's rating: 1783 &rarr; <strong>1756<\/strong><br \/>(-27 for losing)\n|l|\u2606Hurric4ne Tracker\n|player|p2|\n|l|\u2606hazelGranger\n|player|p1|\n","uploadtime":1734486919,"views":9,"formatid":"gen9vgc2024regh","rating":1691,"private":0,"password":null}