{"id":"gen9vgc2024regh-2265816084","format":"[Gen 9] VGC 2024 Reg H","players":["lichuweijixi","mlm2017"],"log":"|j|\u2606lichuweijixi\n|j|\u2606mlm2017\n|t:|1734589494\n|gametype|doubles\n|player|p1|lichuweijixi|169|1770\n|player|p2|mlm2017|juggler|1651\n|teamsize|p1|6\n|teamsize|p2|6\n|gen|9\n|tier|[Gen 9] VGC 2024 Reg H\n|rated|\n|rule|Species Clause: Limit one of each Pok\u00e9mon\n|rule|Item Clause: Limit 1 of each item\n|clearpoke\n|poke|p1|Dragonite, L50, M|\n|poke|p1|Gholdengo, L50|\n|poke|p1|Dondozo, L50, M|\n|poke|p1|Tatsugiri, L50, M|\n|poke|p1|Annihilape, L50, F|\n|poke|p1|Volcarona, L50, M|\n|poke|p2|Gholdengo, L50|\n|poke|p2|Dragonite, L50, M|\n|poke|p2|Sneasler, L50, M|\n|poke|p2|Rillaboom, L50, F|\n|poke|p2|Basculegion, L50, M|\n|poke|p2|Kingambit, L50, M|\n|teampreview|4\n|inactive|Battle timer is ON: inactive players will automatically lose when time's up. (requested by mlm2017)\n|inactive|lichuweijixi has 60 seconds left.\n|\n|t:|1734589531\n|start\n|switch|p1a: Annihilape|Annihilape, L50, F|100\/100\n|switch|p1b: Dragonite|Dragonite, L50, M, shiny|100\/100\n|switch|p2a: Pirahna 3D|Basculegion, L50, M|100\/100\n|switch|p2b: sorry in advance|Sneasler, L50, M|100\/100\n|turn|1\n|\n|t:|1734589555\n|move|p1b: Dragonite|Protect|p1b: Dragonite\n|-singleturn|p1b: Dragonite|Protect\n|move|p2b: sorry in advance|Fake Out|p1b: Dragonite\n|-activate|p1b: Dragonite|move: Protect\n|move|p2a: Pirahna 3D|Flip Turn|p1a: Annihilape\n|-damage|p1a: Annihilape|65\/100\n|\n|t:|1734589561\n|switch|p2a: Dragonite|Dragonite, L50, M|100\/100|[from] Flip Turn\n|move|p1a: Annihilape|Coaching|p1b: Dragonite\n|-boost|p1b: Dragonite|atk|1\n|-boost|p1b: Dragonite|def|1\n|\n|upkeep\n|turn|2\n|inactive|mlm2017 has 30 seconds left.\n|inactive|mlm2017 has 20 seconds left.\n|\n|t:|1734589597\n|-terastallize|p1b: Dragonite|Steel\n|-terastallize|p2a: Dragonite|Fairy\n|move|p2b: sorry in advance|Coaching|p2a: Dragonite\n|-boost|p2a: Dragonite|atk|1\n|-boost|p2a: Dragonite|def|1\n|move|p1a: Annihilape|Coaching|p1b: Dragonite\n|-boost|p1b: Dragonite|atk|1\n|-boost|p1b: Dragonite|def|1\n|move|p1b: Dragonite|Scale Shot|p2b: sorry in advance|[miss]\n|-miss|p1b: Dragonite|p2b: sorry in advance\n|move|p2a: Dragonite|Scale Shot|p1a: Annihilape\n|-damage|p1a: Annihilape|43\/100\n|-enditem|p1a: Annihilape|Sitrus Berry|[eat]\n|-heal|p1a: Annihilape|68\/100|[from] item: Sitrus Berry\n|-damage|p1a: Annihilape|46\/100\n|-damage|p1a: Annihilape|26\/100\n|-damage|p1a: Annihilape|3\/100\n|-damage|p1a: Annihilape|0 fnt\n|faint|p1a: Annihilape\n|-hitcount|p1: Annihilape|5\n|-unboost|p2a: Dragonite|def|1\n|-boost|p2a: Dragonite|spe|1\n|\n|upkeep\n|inactive|lichuweijixi has 30 seconds left.\n|\n|t:|1734589623\n|switch|p1a: Dondozo|Dondozo, L50, M|100\/100\n|turn|3\n|\n|t:|1734589639\n|move|p1a: Dondozo|Protect|p1a: Dondozo\n|-singleturn|p1a: Dondozo|Protect\n|move|p2a: Dragonite|Haze|p2a: Dragonite\n|-clearallboost\n|move|p2b: sorry in advance|Close Combat|p1b: Dragonite\n|-supereffective|p1b: Dragonite\n|-damage|p1b: Dragonite|9\/100\n|-unboost|p2b: sorry in advance|def|1\n|-unboost|p2b: sorry in advance|spd|1\n|move|p1b: Dragonite|Scale Shot|p2b: sorry in advance\n|-damage|p2b: sorry in advance|62\/100\n|-damage|p2b: sorry in advance|24\/100\n|-damage|p2b: sorry in advance|0 fnt\n|faint|p2b: sorry in advance\n|-hitcount|p2: sorry in advance|3\n|-unboost|p1b: Dragonite|def|1\n|-boost|p1b: Dragonite|spe|1\n|\n|upkeep\n|\n|t:|1734589656\n|switch|p2b: Rillaboom|Rillaboom, L50, F|100\/100\n|-fieldstart|move: Grassy Terrain|[from] ability: Grassy Surge|[of] p2b: Rillaboom\n|turn|4\n|\n|t:|1734589675\n|move|p1a: Dondozo|Protect|p1a: Dondozo\n|-singleturn|p1a: Dondozo|Protect\n|move|p2b: Rillaboom|Fake Out|p1b: Dragonite\n|-resisted|p1b: Dragonite\n|-damage|p1b: Dragonite|0 fnt\n|faint|p1b: Dragonite\n|move|p2a: Dragonite|Haze|p2a: Dragonite\n|-clearallboost\n|\n|upkeep\n|\n|t:|1734589685\n|switch|p1b: Tatsugiri|Tatsugiri, L50, M|100\/100\n|-activate|p1b: Tatsugiri|ability: Commander|[of] p1a: Dondozo\n|-boost|p1a: Dondozo|atk|2\n|-boost|p1a: Dondozo|spa|2\n|-boost|p1a: Dondozo|spe|2\n|-boost|p1a: Dondozo|def|2\n|-boost|p1a: Dondozo|spd|2\n|turn|5\n|\n|t:|1734589702\n|move|p1a: Dondozo|Rock Slide|p2a: Dragonite|[spread] p2a,p2b\n|-damage|p2a: Dragonite|77\/100\n|-damage|p2b: Rillaboom|55\/100\n|-damage|p1a: Dondozo|91\/100|[from] item: Life Orb\n|cant|p2a: Dragonite|flinch\n|move|p2b: Rillaboom|Wood Hammer|p1a: Dondozo\n|-supereffective|p1a: Dondozo\n|-damage|p1a: Dondozo|19\/100\n|-damage|p2b: Rillaboom|28\/100|[from] Recoil\n|\n|-heal|p1a: Dondozo|25\/100|[from] Grassy Terrain\n|-heal|p2a: Dragonite|83\/100|[from] Grassy Terrain\n|-heal|p2b: Rillaboom|34\/100|[from] Grassy Terrain\n|upkeep\n|turn|6\n|\n|t:|1734589719\n|move|p2b: Rillaboom|Grassy Glide|p1a: Dondozo\n|-supereffective|p1a: Dondozo\n|-damage|p1a: Dondozo|0 fnt\n|faint|p1a: Dondozo\n|move|p2a: Dragonite|Haze|p2a: Dragonite\n|-clearallboost\n|\n|-heal|p2a: Dragonite|89\/100|[from] Grassy Terrain\n|-heal|p2b: Rillaboom|40\/100|[from] Grassy Terrain\n|upkeep\n|turn|7\n|-message|lichuweijixi forfeited.\n|\n|win|mlm2017\n|raw|lichuweijixi's rating: 1770 &rarr; <strong>1743<\/strong><br \/>(-27 for losing)\n|raw|mlm2017's rating: 1651 &rarr; <strong>1678<\/strong><br \/>(+27 for winning)\n|l|\u2606lichuweijixi\n|player|p1|\n|l|\u2606mlm2017\n|player|p2|\n","uploadtime":1734589951,"views":10,"formatid":"gen9vgc2024regh","rating":1678,"private":0,"password":null}