{"id":"gen9vgc2024regh-2265542182","format":"[Gen 9] VGC 2024 Reg H","players":["heybetch","Bef6"],"log":"|badge|p1|bronze|gen9randombattle|100-3\n|uhtml|medal-msg|<div class=\"broadcast-blue\">Curious what those medals under the avatar are? PS now has Ladder Seasons! For more information, check out the <a href=\"https:\/\/www.smogon.com\/forums\/threads\/3740067\/\">thread on Smogon.<\/a><\/div>\n|j|\u203dheybetch\n|j|\u2606Bef6\n|t:|1734552578\n|gametype|doubles\n|player|p1|heybetch|266|1686\n|player|p2|Bef6|lucas|1905\n|teamsize|p1|6\n|teamsize|p2|6\n|gen|9\n|tier|[Gen 9] VGC 2024 Reg H\n|rated|\n|rule|Species Clause: Limit one of each Pok\u00e9mon\n|rule|Item Clause: Limit 1 of each item\n|clearpoke\n|poke|p1|Armarouge, L50, F|\n|poke|p1|Indeedee-F, L50, F|\n|poke|p1|Gallade, L50, M|\n|poke|p1|Torkoal, L50, M|\n|poke|p1|Lilligant-Hisui, L50, F|\n|poke|p1|Ursaluna-Bloodmoon, L50, M|\n|poke|p2|Archaludon, L50, M|\n|poke|p2|Pelipper, L50, M|\n|poke|p2|Annihilape, L50, M|\n|poke|p2|Grimmsnarl, L50, M|\n|poke|p2|Sinistcha, L50|\n|poke|p2|Ursaluna, L50, M|\n|teampreview|4\n|\n|t:|1734552604\n|start\n|switch|p1a: Indeedee|Indeedee-F, L50, F|100\/100\n|switch|p1b: Armarouge|Armarouge, L50, F|100\/100\n|switch|p2a: Grimmsnarl|Grimmsnarl, L50, M|100\/100\n|switch|p2b: Ursaluna|Ursaluna, L50, M|100\/100\n|-fieldstart|move: Psychic Terrain|[from] ability: Psychic Surge|[of] p1a: Indeedee\n|-enditem|p1a: Indeedee|Psychic Seed\n|-boost|p1a: Indeedee|spd|1|[from] item: Psychic Seed\n|turn|1\n|\n|t:|1734552618\n|-terastallize|p1b: Armarouge|Grass\n|move|p2b: Ursaluna|Protect|p2b: Ursaluna\n|-singleturn|p2b: Ursaluna|Protect\n|move|p2a: Grimmsnarl|Spirit Break|p1b: Armarouge\n|-damage|p1b: Armarouge|74\/100\n|-unboost|p1b: Armarouge|spa|1\n|move|p1b: Armarouge|Heat Wave|p2a: Grimmsnarl|[spread] p2a\n|-activate|p2b: Ursaluna|move: Protect\n|-damage|p2a: Grimmsnarl|73\/100\n|-damage|p1b: Armarouge|64\/100|[from] item: Life Orb\n|move|p1a: Indeedee|Trick Room|p1a: Indeedee\n|-fieldstart|move: Trick Room|[of] p1a: Indeedee\n|\n|-status|p2b: Ursaluna|brn|[from] item: Flame Orb\n|upkeep\n|turn|2\n|\n|t:|1734552639\n|move|p1a: Indeedee|Helping Hand|p1b: Armarouge\n|-singleturn|p1b: Armarouge|Helping Hand|[of] p1a: Indeedee\n|move|p2a: Grimmsnarl|Light Screen|p2a: Grimmsnarl\n|-sidestart|p2: Bef6|move: Light Screen\n|move|p1b: Armarouge|Heat Wave|p2a: Grimmsnarl|[spread] p2a,p2b\n|-damage|p2a: Grimmsnarl|40\/100\n|-damage|p2b: Ursaluna|68\/100 brn\n|-status|p2a: Grimmsnarl|brn\n|-damage|p1b: Armarouge|54\/100|[from] item: Life Orb\n|move|p2b: Ursaluna|Facade|p1a: Indeedee\n|-damage|p1a: Indeedee|0 fnt\n|faint|p1a: Indeedee\n|\n|-damage|p2a: Grimmsnarl|34\/100 brn|[from] brn\n|-damage|p2b: Ursaluna|62\/100 brn|[from] brn\n|upkeep\n|\n|t:|1734552645\n|switch|p1a: Torkoal|Torkoal, L50, M|100\/100\n|-weather|SunnyDay|[from] ability: Drought|[of] p1a: Torkoal\n|turn|3\n|\n|t:|1734552650\n|move|p2b: Ursaluna|Protect|p2b: Ursaluna\n|-singleturn|p2b: Ursaluna|Protect\n|move|p2a: Grimmsnarl|Reflect|p2a: Grimmsnarl\n|-sidestart|p2: Bef6|Reflect\n|move|p1a: Torkoal|Eruption|p2a: Grimmsnarl|[spread] p2a\n|-activate|p2b: Ursaluna|move: Protect\n|-damage|p2a: Grimmsnarl|0 fnt\n|faint|p2a: Grimmsnarl\n|move|p1b: Armarouge|Heat Wave|p2b: Ursaluna\n|-activate|p2b: Ursaluna|move: Protect\n|\n|-weather|SunnyDay|[upkeep]\n|-damage|p2b: Ursaluna|56\/100 brn|[from] brn\n|upkeep\n|inactive|Battle timer is ON: inactive players will automatically lose when time's up. (requested by heybetch)\n|\n|t:|1734552658\n|switch|p2a: Pelipper|Pelipper, L50, M|100\/100\n|-weather|RainDance|[from] ability: Drizzle|[of] p2a: Pelipper\n|turn|4\n|\n|t:|1734552676\n|switch|p1b: Ursaluna|Ursaluna-Bloodmoon, L50, M|100\/100\n|switch|p2a: Sinistcha|Sinistcha, L50|100\/100\n|-heal|p2b: Ursaluna|81\/100 brn|[from] ability: Hospitality|[of] p2a: Sinistcha\n|move|p1a: Torkoal|Weather Ball|p2b: Ursaluna\n|-supereffective|p2b: Ursaluna\n|-damage|p2b: Ursaluna|23\/100 brn\n|move|p2b: Ursaluna|Earthquake|p1a: Torkoal|[spread] p2a,p1a,p1b\n|-resisted|p2a: Sinistcha\n|-supereffective|p1a: Torkoal\n|-damage|p2a: Sinistcha|79\/100\n|-damage|p1a: Torkoal|6\/100\n|-damage|p1b: Ursaluna|55\/100\n|\n|-weather|RainDance|[upkeep]\n|-damage|p2b: Ursaluna|18\/100 brn|[from] brn\n|upkeep\n|turn|5\n|\n|t:|1734552699\n|move|p2b: Ursaluna|Protect|p2b: Ursaluna\n|-singleturn|p2b: Ursaluna|Protect\n|move|p1a: Torkoal|Clear Smog|p2b: Ursaluna\n|-activate|p2b: Ursaluna|move: Protect\n|move|p1b: Ursaluna|Hyper Voice|p2a: Sinistcha|[spread] p2a\n|-activate|p2b: Ursaluna|move: Protect\n|-damage|p2a: Sinistcha|57\/100\n|-enditem|p1b: Ursaluna|Throat Spray\n|-boost|p1b: Ursaluna|spa|1|[from] item: Throat Spray\n|move|p2a: Sinistcha|Matcha Gotcha|p1a: Torkoal|[spread] p1a,p1b\n|-resisted|p1a: Torkoal\n|-supereffective|p1b: Ursaluna\n|-damage|p1a: Torkoal|0 fnt\n|-heal|p2a: Sinistcha|60\/100|[from] drain|[of] p1a: Torkoal\n|-damage|p1b: Ursaluna|0 fnt\n|-heal|p2a: Sinistcha|94\/100|[from] drain|[of] p1b: Ursaluna\n|faint|p1a: Torkoal\n|faint|p1b: Ursaluna\n|\n|-weather|RainDance|[upkeep]\n|-damage|p2b: Ursaluna|12\/100 brn|[from] brn\n|-fieldend|move: Trick Room\n|-fieldend|move: Psychic Terrain\n|upkeep\n|-message|heybetch forfeited.\n|\n|win|Bef6\n|raw|heybetch's rating: 1686 &rarr; <strong>1677<\/strong><br \/>(-9 for losing)\n|raw|Bef6's rating: 1905 &rarr; <strong>1914<\/strong><br \/>(+9 for winning)\n|l|\u203dheybetch\n|player|p1|\n|l|\u2606Bef6\n|player|p2|\n","uploadtime":1734552937,"views":22,"formatid":"gen9vgc2024regh","rating":1677,"private":0,"password":null}