{"id":"gen9vgc2024regh-2265442713","format":"[Gen 9] VGC 2024 Reg H","players":["KitakamiApples","Bef6"],"log":"|j|\u2606KitakamiApples\n|j|\u2606Bef6\n|t:|1734542613\n|gametype|doubles\n|player|p1|KitakamiApples|kieran-festival|1692\n|player|p2|Bef6|lucas|1837\n|teamsize|p1|6\n|teamsize|p2|6\n|gen|9\n|tier|[Gen 9] VGC 2024 Reg H\n|rated|\n|rule|Species Clause: Limit one of each Pok\u00e9mon\n|rule|Item Clause: Limit 1 of each item\n|clearpoke\n|poke|p1|Ursaluna, L50, F|\n|poke|p1|Kilowattrel, L50, M|\n|poke|p1|Porygon2, L50|\n|poke|p1|Incineroar, L50, F|\n|poke|p1|Amoonguss, L50, F|\n|poke|p1|Gholdengo, L50|\n|poke|p2|Archaludon, L50, F|\n|poke|p2|Pelipper, L50, F|\n|poke|p2|Annihilape, L50, F|\n|poke|p2|Grimmsnarl, L50, M|\n|poke|p2|Sinistcha, L50|\n|poke|p2|Ursaluna, L50, M|\n|teampreview|4\n|inactive|Battle timer is ON: inactive players will automatically lose when time's up. (requested by KitakamiApples)\n|inactive|KitakamiApples has 60 seconds left.\n|\n|t:|1734542646\n|start\n|switch|p1a: Gholdengo|Gholdengo, L50|100\/100\n|switch|p1b: Kilowattrel|Kilowattrel, L50, M|100\/100\n|switch|p2a: Archaludon|Archaludon, L50, F|100\/100\n|switch|p2b: Pelipper|Pelipper, L50, F|100\/100\n|-weather|RainDance|[from] ability: Drizzle|[of] p2b: Pelipper\n|turn|1\n|\n|t:|1734542665\n|move|p1b: Kilowattrel|Air Slash|p2b: Pelipper\n|-damage|p2b: Pelipper|41\/100\n|move|p1a: Gholdengo|Make It Rain|p2b: Pelipper|[spread] p2a,p2b\n|-resisted|p2a: Archaludon\n|-resisted|p2b: Pelipper\n|-damage|p2a: Archaludon|81\/100\n|-damage|p2b: Pelipper|0 fnt\n|-unboost|p1a: Gholdengo|spa|1\n|-ability|p2a: Archaludon|Stamina|boost\n|-boost|p2a: Archaludon|def|1\n|faint|p2b: Pelipper\n|-damage|p1a: Gholdengo|91\/100|[from] item: Life Orb\n|move|p2a: Archaludon|Electro Shot||[still]\n|-prepare|p2a: Archaludon|Electro Shot\n|-boost|p2a: Archaludon|spa|1\n|-anim|p2a: Archaludon|Electro Shot|p1b: Kilowattrel\n|-damage|p1b: Kilowattrel|3\/100\n|\n|-weather|RainDance|[upkeep]\n|upkeep\n|\n|t:|1734542669\n|switch|p2b: Sinistcha|Sinistcha, L50|100\/100\n|-heal|p2a: Archaludon|100\/100|[from] ability: Hospitality|[of] p2b: Sinistcha\n|turn|2\n|\n|t:|1734542681\n|move|p1b: Kilowattrel|Air Slash|p2b: Sinistcha\n|-supereffective|p2b: Sinistcha\n|-damage|p2b: Sinistcha|36\/100\n|-enditem|p2b: Sinistcha|Sitrus Berry|[eat]\n|-heal|p2b: Sinistcha|61\/100|[from] item: Sitrus Berry\n|move|p1a: Gholdengo|Nasty Plot|p1a: Gholdengo\n|-boost|p1a: Gholdengo|spa|2\n|move|p2a: Archaludon|Snarl|p1b: Kilowattrel|[spread] p1a\n|-miss|p2a: Archaludon|p1b: Kilowattrel\n|-supereffective|p1a: Gholdengo\n|-damage|p1a: Gholdengo|52\/100\n|-unboost|p1a: Gholdengo|spa|1\n|move|p2b: Sinistcha|Matcha Gotcha|p1a: Gholdengo|[spread] p1a,p1b\n|-resisted|p1a: Gholdengo\n|-crit|p1a: Gholdengo\n|-resisted|p1b: Kilowattrel\n|-damage|p1a: Gholdengo|32\/100\n|-heal|p2b: Sinistcha|71\/100|[from] drain|[of] p1a: Gholdengo\n|-damage|p1b: Kilowattrel|0 fnt\n|-heal|p2b: Sinistcha|72\/100|[from] drain|[of] p1b: Kilowattrel\n|faint|p1b: Kilowattrel\n|\n|-weather|RainDance|[upkeep]\n|upkeep\n|\n|t:|1734542696\n|switch|p1b: Ursaluna|Ursaluna, L50, F|100\/100\n|turn|3\n|\n|t:|1734542704\n|move|p1a: Gholdengo|Protect|p1a: Gholdengo\n|-singleturn|p1a: Gholdengo|Protect\n|move|p1b: Ursaluna|Protect|p1b: Ursaluna\n|-singleturn|p1b: Ursaluna|Protect\n|move|p2a: Archaludon|Electro Shot||[still]\n|-prepare|p2a: Archaludon|Electro Shot\n|-boost|p2a: Archaludon|spa|1\n|-anim|p2a: Archaludon|Electro Shot|p1a: Gholdengo\n|-activate|p1a: Gholdengo|move: Protect\n|move|p2b: Sinistcha|Matcha Gotcha|p1b: Ursaluna|[spread] \n|-activate|p1a: Gholdengo|move: Protect\n|-activate|p1b: Ursaluna|move: Protect\n|\n|-weather|RainDance|[upkeep]\n|-status|p1b: Ursaluna|brn|[from] item: Flame Orb\n|upkeep\n|turn|4\n|\n|t:|1734542723\n|-terastallize|p2b: Sinistcha|Dark\n|move|p2b: Sinistcha|Rage Powder|p2b: Sinistcha\n|-singleturn|p2b: Sinistcha|move: Rage Powder\n|move|p1a: Gholdengo|Shadow Ball|p2b: Sinistcha\n|-resisted|p2b: Sinistcha\n|-damage|p2b: Sinistcha|47\/100\n|-damage|p1a: Gholdengo|22\/100|[from] item: Life Orb\n|move|p2a: Archaludon|Snarl|p1a: Gholdengo|[spread] p1a,p1b\n|-supereffective|p1a: Gholdengo\n|-crit|p1b: Ursaluna\n|-damage|p1a: Gholdengo|0 fnt\n|-damage|p1b: Ursaluna|65\/100 brn\n|-unboost|p1b: Ursaluna|spa|1\n|faint|p1a: Gholdengo\n|move|p1b: Ursaluna|Headlong Rush|p2b: Sinistcha\n|-damage|p2b: Sinistcha|0 fnt\n|-unboost|p1b: Ursaluna|def|1\n|-unboost|p1b: Ursaluna|spd|1\n|faint|p2b: Sinistcha\n|\n|-weather|RainDance|[upkeep]\n|-damage|p1b: Ursaluna|59\/100 brn|[from] brn\n|upkeep\n|\n|t:|1734542732\n|switch|p1a: Amoonguss|Amoonguss, L50, F|100\/100\n|switch|p2b: Ursaluna|Ursaluna, L50, M|100\/100\n|turn|5\n|\n|t:|1734542752\n|move|p1b: Ursaluna|Protect|p1b: Ursaluna\n|-singleturn|p1b: Ursaluna|Protect\n|move|p2a: Archaludon|Flash Cannon|p1a: Amoonguss\n|-damage|p1a: Amoonguss|48\/100\n|-enditem|p1a: Amoonguss|Sitrus Berry|[eat]\n|-heal|p1a: Amoonguss|73\/100|[from] item: Sitrus Berry\n|move|p2b: Ursaluna|Headlong Rush|p1a: Amoonguss\n|-damage|p1a: Amoonguss|6\/100\n|-unboost|p2b: Ursaluna|def|1\n|-unboost|p2b: Ursaluna|spd|1\n|move|p1a: Amoonguss|Spore|p2a: Archaludon\n|-status|p2a: Archaludon|slp|[from] move: Spore\n|\n|-weather|none\n|-damage|p1b: Ursaluna|53\/100 brn|[from] brn\n|-status|p2b: Ursaluna|brn|[from] item: Flame Orb\n|upkeep\n|turn|6\n|j| Mobile-NWNCC\n|\n|t:|1734542774\n|move|p1a: Amoonguss|Rage Powder|p1a: Amoonguss\n|-singleturn|p1a: Amoonguss|move: Rage Powder\n|cant|p2a: Archaludon|slp\n|move|p2b: Ursaluna|Earthquake|p1a: Amoonguss|[spread] p2a,p1a,p1b\n|-supereffective|p2a: Archaludon\n|-damage|p2a: Archaludon|47\/100 slp\n|-damage|p1a: Amoonguss|0 fnt\n|-damage|p1b: Ursaluna|0 fnt\n|-ability|p2a: Archaludon|Stamina|boost\n|-boost|p2a: Archaludon|def|1\n|faint|p1a: Amoonguss\n|faint|p1b: Ursaluna\n|\n|win|Bef6\n|raw|KitakamiApples's rating: 1692 &rarr; <strong>1680<\/strong><br \/>(-12 for losing)\n|raw|Bef6's rating: 1837 &rarr; <strong>1849<\/strong><br \/>(+12 for winning)\n|l|\u2606KitakamiApples\n|player|p1|\n|l|\u2606Bef6\n|player|p2|\n|l| Mobile-NWNCC\n","uploadtime":1734542877,"views":47,"formatid":"gen9vgc2024regh","rating":1680,"private":0,"password":null}