{"id":"gen9vgc2024regh-2265053931","format":"[Gen 9] VGC 2024 Reg H","players":["lichuweijixi","Hurric4ne Tracker"],"log":"|j|\u2606lichuweijixi\n|j|\u2606Hurric4ne Tracker\n|t:|1734486010\n|gametype|doubles\n|player|p1|lichuweijixi|265|1794\n|player|p2|Hurric4ne Tracker|interviewers|1761\n|teamsize|p1|6\n|teamsize|p2|6\n|gen|9\n|tier|[Gen 9] VGC 2024 Reg H\n|rated|\n|rule|Species Clause: Limit one of each Pok\u00e9mon\n|rule|Item Clause: Limit 1 of each item\n|clearpoke\n|poke|p1|Dragonite, L50, F|\n|poke|p1|Gholdengo, L50|\n|poke|p1|Dondozo, L50, M|\n|poke|p1|Tatsugiri, L50, F|\n|poke|p1|Annihilape, L50, M|\n|poke|p1|Ursaluna-Bloodmoon, L50, M|\n|poke|p2|Sneasler, L50, F|\n|poke|p2|Dondozo, L50, M|\n|poke|p2|Tatsugiri, L50, F|\n|poke|p2|Rillaboom, L50, M|\n|poke|p2|Kilowattrel, L50, F|\n|poke|p2|Dragonite, L50, F|\n|teampreview|4\n|\n|t:|1734486044\n|start\n|switch|p1a: Gholdengo|Gholdengo, L50, shiny|100\/100\n|switch|p1b: Dragonite|Dragonite, L50, F, shiny|100\/100\n|switch|p2a: Sneasler|Sneasler, L50, F|100\/100\n|switch|p2b: Rillaboom|Rillaboom, L50, M|100\/100\n|-fieldstart|move: Grassy Terrain|[from] ability: Grassy Surge|[of] p2b: Rillaboom\n|turn|1\n|\n|t:|1734486057\n|-terastallize|p2a: Sneasler|Dark\n|move|p1b: Dragonite|Protect|p1b: Dragonite\n|-singleturn|p1b: Dragonite|Protect\n|move|p2b: Rillaboom|Fake Out|p1b: Dragonite\n|-activate|p1b: Dragonite|move: Protect\n|move|p1a: Gholdengo|Make It Rain|p2a: Sneasler|[spread] p2a,p2b\n|-crit|p2a: Sneasler\n|-enditem|p2a: Sneasler|Focus Sash\n|-damage|p2a: Sneasler|1\/100\n|-damage|p2b: Rillaboom|54\/100\n|-unboost|p1a: Gholdengo|spa|1\n|move|p2a: Sneasler|Night Slash|p1a: Gholdengo\n|-supereffective|p1a: Gholdengo\n|-crit|p1a: Gholdengo\n|-damage|p1a: Gholdengo|0 fnt\n|faint|p1a: Gholdengo\n|\n|-heal|p2a: Sneasler|7\/100|[from] Grassy Terrain\n|-heal|p2b: Rillaboom|59\/100|[from] Grassy Terrain\n|upkeep\n|\n|t:|1734486080\n|switch|p1a: Dondozo|Dondozo, L50, M|100\/100\n|turn|2\n|\n|t:|1734486113\n|switch|p2a: Dondozo|Dondozo, L50, M|100\/100\n|move|p1a: Dondozo|Protect|p1a: Dondozo\n|-singleturn|p1a: Dondozo|Protect\n|move|p2b: Rillaboom|Wood Hammer|p1a: Dondozo\n|-activate|p1a: Dondozo|move: Protect\n|move|p1b: Dragonite|Scale Shot|p2b: Rillaboom\n|-damage|p2b: Rillaboom|42\/100\n|-damage|p2b: Rillaboom|27\/100\n|-damage|p2b: Rillaboom|10\/100\n|-damage|p2b: Rillaboom|0 fnt\n|faint|p2b: Rillaboom\n|-hitcount|p2: Rillaboom|4\n|-unboost|p1b: Dragonite|def|1\n|-boost|p1b: Dragonite|spe|1\n|\n|upkeep\n|\n|t:|1734486123\n|switch|p2b: Sneasler|Sneasler, L50, F, tera:Dark|7\/100\n|turn|3\n|\n|t:|1734486145\n|move|p2b: Sneasler|Fake Out|p1a: Dondozo\n|-damage|p1a: Dondozo|88\/100\n|move|p1b: Dragonite|Scale Shot|p2a: Dondozo\n|-crit|p2a: Dondozo\n|-damage|p2a: Dondozo|85\/100\n|-damage|p2a: Dondozo|75\/100\n|-damage|p2a: Dondozo|64\/100\n|-damage|p2a: Dondozo|53\/100\n|-hitcount|p2a: Dondozo|4\n|-unboost|p1b: Dragonite|def|1\n|-boost|p1b: Dragonite|spe|1\n|move|p2a: Dondozo|Order Up|p1b: Dragonite\n|-supereffective|p1b: Dragonite\n|-damage|p1b: Dragonite|70\/100\n|cant|p1a: Dondozo|flinch\n|\n|-heal|p2b: Sneasler|13\/100|[from] Grassy Terrain\n|-heal|p1a: Dondozo|94\/100|[from] Grassy Terrain\n|-heal|p2a: Dondozo|59\/100|[from] Grassy Terrain\n|-heal|p2a: Dondozo|66\/100|[from] item: Leftovers\n|upkeep\n|turn|4\n|\n|t:|1734486174\n|move|p1b: Dragonite|Protect|p1b: Dragonite\n|-singleturn|p1b: Dragonite|Protect\n|move|p2a: Dondozo|Protect|p2a: Dondozo\n|-singleturn|p2a: Dondozo|Protect\n|move|p2b: Sneasler|Dire Claw|p1b: Dragonite\n|-activate|p1b: Dragonite|move: Protect\n|move|p1a: Dondozo|Wave Crash|p2a: Dondozo\n|-activate|p2a: Dondozo|move: Protect\n|\n|-heal|p2b: Sneasler|19\/100|[from] Grassy Terrain\n|-heal|p2a: Dondozo|72\/100|[from] Grassy Terrain\n|-heal|p1a: Dondozo|100\/100|[from] Grassy Terrain\n|-heal|p2a: Dondozo|78\/100|[from] item: Leftovers\n|upkeep\n|turn|5\n|\n|t:|1734486200\n|switch|p1a: Tatsugiri|Tatsugiri, L50, F|100\/100\n|move|p1b: Dragonite|Extreme Speed|p2b: Sneasler\n|-damage|p2b: Sneasler|0 fnt\n|faint|p2b: Sneasler\n|move|p2a: Dondozo|Order Up|p1b: Dragonite\n|-supereffective|p1b: Dragonite\n|-damage|p1b: Dragonite|2\/100\n|\n|-heal|p2a: Dondozo|84\/100|[from] Grassy Terrain\n|-heal|p2a: Dondozo|90\/100|[from] item: Leftovers\n|-fieldend|move: Grassy Terrain\n|upkeep\n|\n|t:|1734486209\n|switch|p2b: Tatsugiri|Tatsugiri, L50, F, shiny|100\/100\n|-activate|p2b: Tatsugiri|ability: Commander|[of] p2a: Dondozo\n|-boost|p2a: Dondozo|atk|2\n|-boost|p2a: Dondozo|spa|2\n|-boost|p2a: Dondozo|spe|2\n|-boost|p2a: Dondozo|def|2\n|-boost|p2a: Dondozo|spd|2\n|turn|6\n|\n|t:|1734486224\n|-terastallize|p1a: Tatsugiri|Stellar\n|move|p1b: Dragonite|Tailwind|p1b: Dragonite\n|-sidestart|p1: lichuweijixi|move: Tailwind\n|move|p1a: Tatsugiri|Draco Meteor|p2a: Dondozo\n|-damage|p2a: Dondozo|33\/100\n|-unboost|p1a: Tatsugiri|spa|2\n|move|p2a: Dondozo|Order Up|p1b: Dragonite\n|-supereffective|p1b: Dragonite\n|-damage|p1b: Dragonite|0 fnt\n|faint|p1b: Dragonite\n|-boost|p2a: Dondozo|atk|1\n|\n|-heal|p2a: Dondozo|39\/100|[from] item: Leftovers\n|upkeep\n|\n|t:|1734486240\n|switch|p1b: Dondozo|Dondozo, L50, M|100\/100\n|-activate|p1a: Tatsugiri|ability: Commander|[of] p1b: Dondozo\n|-boost|p1b: Dondozo|atk|2\n|-boost|p1b: Dondozo|spa|2\n|-boost|p1b: Dondozo|spe|2\n|-boost|p1b: Dondozo|def|2\n|-boost|p1b: Dondozo|spd|2\n|turn|7\n|\n|t:|1734486248\n|move|p2a: Dondozo|Protect|p2a: Dondozo\n|-singleturn|p2a: Dondozo|Protect\n|move|p1b: Dondozo|Wave Crash|p2a: Dondozo\n|-activate|p2a: Dondozo|move: Protect\n|\n|-heal|p2a: Dondozo|45\/100|[from] item: Leftovers\n|upkeep\n|turn|8\n|\n|t:|1734486258\n|move|p1b: Dondozo|Wave Crash|p2a: Dondozo\n|-resisted|p2a: Dondozo\n|-damage|p2a: Dondozo|21\/100\n|-damage|p1b: Dondozo|93\/100|[from] Recoil\n|-damage|p1b: Dondozo|83\/100|[from] item: Life Orb\n|move|p2a: Dondozo|Order Up|p1b: Dondozo\n|-damage|p1b: Dondozo|65\/100\n|-boost|p2a: Dondozo|atk|1\n|\n|-heal|p2a: Dondozo|27\/100|[from] item: Leftovers\n|upkeep\n|turn|9\n|\n|t:|1734486270\n|move|p2a: Dondozo|Protect|p2a: Dondozo\n|-singleturn|p2a: Dondozo|Protect\n|move|p1b: Dondozo|Wave Crash|p2a: Dondozo\n|-activate|p2a: Dondozo|move: Protect\n|\n|-heal|p2a: Dondozo|33\/100|[from] item: Leftovers\n|-sideend|p1: lichuweijixi|move: Tailwind\n|upkeep\n|turn|10\n|\n|t:|1734486280\n|move|p1b: Dondozo|Wave Crash|p2a: Dondozo\n|-resisted|p2a: Dondozo\n|-damage|p2a: Dondozo|7\/100\n|-damage|p1b: Dondozo|56\/100|[from] Recoil\n|-damage|p1b: Dondozo|47\/100|[from] item: Life Orb\n|move|p2a: Dondozo|Order Up|p1b: Dondozo\n|-damage|p1b: Dondozo|28\/100\n|-boost|p2a: Dondozo|atk|1\n|\n|-heal|p2a: Dondozo|13\/100|[from] item: Leftovers\n|upkeep\n|turn|11\n|\n|t:|1734486292\n|move|p2a: Dondozo|Protect|p2a: Dondozo\n|-singleturn|p2a: Dondozo|Protect\n|move|p1b: Dondozo|Wave Crash|p2a: Dondozo\n|-activate|p2a: Dondozo|move: Protect\n|\n|-heal|p2a: Dondozo|19\/100|[from] item: Leftovers\n|upkeep\n|turn|12\n|\n|t:|1734486311\n|move|p2a: Dondozo|Order Up|p1b: Dondozo\n|-damage|p1b: Dondozo|8\/100\n|-boost|p2a: Dondozo|atk|1\n|move|p1b: Dondozo|Wave Crash|p2a: Dondozo\n|-resisted|p2a: Dondozo\n|-crit|p2a: Dondozo\n|-damage|p2a: Dondozo|0 fnt\n|faint|p2a: Dondozo\n|-damage|p1b: Dondozo|2\/100|[from] Recoil\n|-damage|p1b: Dondozo|0 fnt|[from] item: Life Orb\n|faint|p1b: Dondozo\n|\n|upkeep\n|turn|13\n|\n|t:|1734486325\n|move|p2b: Tatsugiri|Draco Meteor|p1a: Tatsugiri\n|-supereffective|p1a: Tatsugiri\n|-enditem|p1a: Tatsugiri|Focus Sash\n|-damage|p1a: Tatsugiri|1\/100\n|-unboost|p2b: Tatsugiri|spa|2\n|move|p1a: Tatsugiri|Dragon Pulse|p2b: Tatsugiri\n|-supereffective|p2b: Tatsugiri\n|-damage|p2b: Tatsugiri|38\/100\n|\n|upkeep\n|turn|14\n|\n|t:|1734486336\n|move|p2b: Tatsugiri|Draco Meteor|p1a: Tatsugiri\n|-supereffective|p1a: Tatsugiri\n|-damage|p1a: Tatsugiri|0 fnt\n|-unboost|p2b: Tatsugiri|spa|2\n|faint|p1a: Tatsugiri\n|\n|win|Hurric4ne Tracker\n|raw|lichuweijixi's rating: 1794 &rarr; <strong>1772<\/strong><br \/>(-22 for losing)\n|raw|Hurric4ne Tracker's rating: 1761 &rarr; <strong>1783<\/strong><br \/>(+22 for winning)\n|c|\u2606Hurric4ne Tracker|Gg\n|c|\u2606Hurric4ne Tracker|Monster game\n|l|\u2606lichuweijixi\n|player|p1|\n","uploadtime":1734486504,"views":12,"formatid":"gen9vgc2024regh","rating":1772,"private":0,"password":null}