{"id":"gen9vgc2024regh-2265225740","format":"[Gen 9] VGC 2024 Reg H","players":["kaizaaz","Bef6"],"log":"|j|\u2606kaizaaz\n|j|\u2606Bef6\n|t:|1734515189\n|gametype|doubles\n|player|p1|kaizaaz|2|1636\n|player|p2|Bef6|lucas|1813\n|teamsize|p1|6\n|teamsize|p2|6\n|gen|9\n|tier|[Gen 9] VGC 2024 Reg H\n|rated|\n|rule|Species Clause: Limit one of each Pok\u00e9mon\n|rule|Item Clause: Limit 1 of each item\n|clearpoke\n|poke|p1|Primarina, L50, F|\n|poke|p1|Whimsicott, L50, M|\n|poke|p1|Rillaboom, L50, F|\n|poke|p1|Pyroar, L50, M|\n|poke|p1|Hitmontop, L50, M|\n|poke|p1|Farigiraf, L50, M|\n|poke|p2|Archaludon, L50, M|\n|poke|p2|Pelipper, L50, F|\n|poke|p2|Annihilape, L50, M|\n|poke|p2|Grimmsnarl, L50, M|\n|poke|p2|Sinistcha, L50|\n|poke|p2|Ursaluna, L50, M|\n|teampreview|4\n|\n|t:|1734515248\n|start\n|switch|p1a: Farigiraf|Farigiraf, L50, M|100\/100\n|switch|p1b: Rillaboom|Rillaboom, L50, F|100\/100\n|switch|p2a: Archaludon|Archaludon, L50, M|100\/100\n|switch|p2b: Grimmsnarl|Grimmsnarl, L50, M|100\/100\n|-fieldstart|move: Grassy Terrain|[from] ability: Grassy Surge|[of] p1b: Rillaboom\n|-enditem|p1a: Farigiraf|Grassy Seed\n|-boost|p1a: Farigiraf|def|1|[from] item: Grassy Seed\n|turn|1\n|\n|t:|1734515278\n|-terastallize|p1a: Farigiraf|Ground\n|move|p2b: Grimmsnarl|Reflect|p2b: Grimmsnarl\n|-sidestart|p2: Bef6|Reflect\n|move|p1b: Rillaboom|High Horsepower|p2a: Archaludon\n|-supereffective|p2a: Archaludon\n|-damage|p2a: Archaludon|73\/100\n|-ability|p2a: Archaludon|Stamina|boost\n|-boost|p2a: Archaludon|def|1\n|move|p2a: Archaludon|Snarl|p1b: Rillaboom|[spread] p1a,p1b\n|-damage|p1a: Farigiraf|90\/100\n|-damage|p1b: Rillaboom|90\/100\n|-unboost|p1a: Farigiraf|spa|1\n|-unboost|p1b: Rillaboom|spa|1\n|move|p1a: Farigiraf|Tera Blast|p2a: Archaludon|[anim] Tera Blast Ground\n|-supereffective|p2a: Archaludon\n|-damage|p2a: Archaludon|42\/100\n|-ability|p2a: Archaludon|Stamina|boost\n|-boost|p2a: Archaludon|def|1\n|\n|-heal|p1b: Rillaboom|96\/100|[from] Grassy Terrain\n|-heal|p2a: Archaludon|48\/100|[from] Grassy Terrain\n|-heal|p1a: Farigiraf|97\/100|[from] Grassy Terrain\n|upkeep\n|turn|2\n|\n|t:|1734515295\n|move|p2b: Grimmsnarl|Light Screen|p2b: Grimmsnarl\n|-sidestart|p2: Bef6|move: Light Screen\n|move|p1b: Rillaboom|Wood Hammer|p2b: Grimmsnarl\n|-damage|p2b: Grimmsnarl|47\/100\n|-damage|p1b: Rillaboom|76\/100|[from] Recoil\n|move|p2a: Archaludon|Snarl|p1b: Rillaboom|[spread] p1a,p1b\n|-crit|p1b: Rillaboom\n|-damage|p1a: Farigiraf|86\/100\n|-damage|p1b: Rillaboom|60\/100\n|-unboost|p1a: Farigiraf|spa|1\n|-unboost|p1b: Rillaboom|spa|1\n|move|p1a: Farigiraf|Tera Blast|p2b: Grimmsnarl|[anim] Tera Blast Ground\n|-damage|p2b: Grimmsnarl|31\/100\n|\n|-heal|p1b: Rillaboom|66\/100|[from] Grassy Terrain\n|-heal|p2a: Archaludon|54\/100|[from] Grassy Terrain\n|-heal|p1a: Farigiraf|92\/100|[from] Grassy Terrain\n|-heal|p2b: Grimmsnarl|37\/100|[from] Grassy Terrain\n|upkeep\n|turn|3\n|\n|t:|1734515308\n|switch|p1a: Whimsicott|Whimsicott, L50, M|100\/100\n|switch|p2b: Sinistcha|Sinistcha, L50|100\/100\n|-heal|p2a: Archaludon|79\/100|[from] ability: Hospitality|[of] p2b: Sinistcha\n|move|p1b: Rillaboom|High Horsepower|p2a: Archaludon\n|-supereffective|p2a: Archaludon\n|-damage|p2a: Archaludon|64\/100\n|-ability|p2a: Archaludon|Stamina|boost\n|-boost|p2a: Archaludon|def|1\n|move|p2a: Archaludon|Body Press|p1b: Rillaboom\n|-damage|p1b: Rillaboom|0 fnt\n|faint|p1b: Rillaboom\n|\n|-heal|p2a: Archaludon|70\/100|[from] Grassy Terrain\n|upkeep\n|\n|t:|1734515313\n|switch|p1b: Pyroar|Pyroar, L50, M, shiny|100\/100\n|-ability|p1b: Pyroar|Unnerve\n|turn|4\n|\n|t:|1734515322\n|move|p1a: Whimsicott|Sunny Day|p1a: Whimsicott\n|-weather|SunnyDay\n|move|p1b: Pyroar|Heat Wave|p2b: Sinistcha|[spread] \n|-miss|p1b: Pyroar|p2a: Archaludon\n|-miss|p1b: Pyroar|p2b: Sinistcha\n|move|p2a: Archaludon|Flash Cannon|p1a: Whimsicott\n|-supereffective|p1a: Whimsicott\n|-damage|p1a: Whimsicott|19\/100\n|move|p2b: Sinistcha|Matcha Gotcha|p1b: Pyroar|[spread] p1a,p1b\n|-resisted|p1a: Whimsicott\n|-resisted|p1b: Pyroar\n|-damage|p1a: Whimsicott|2\/100\n|-damage|p1b: Pyroar|77\/100\n|\n|-weather|SunnyDay|[upkeep]\n|-heal|p1b: Pyroar|83\/100|[from] Grassy Terrain\n|-heal|p1a: Whimsicott|8\/100|[from] Grassy Terrain\n|-heal|p2a: Archaludon|77\/100|[from] Grassy Terrain\n|upkeep\n|turn|5\n|\n|t:|1734515338\n|switch|p2b: Grimmsnarl|Grimmsnarl, L50, M|37\/100\n|move|p1a: Whimsicott|Fake Tears|p2a: Archaludon\n|-unboost|p2a: Archaludon|spd|2\n|move|p1b: Pyroar|Heat Wave|p2b: Grimmsnarl|[spread] p2a,p2b\n|-damage|p2a: Archaludon|0 fnt\n|-damage|p2b: Grimmsnarl|0 fnt\n|faint|p2a: Archaludon\n|faint|p2b: Grimmsnarl\n|\n|-weather|SunnyDay|[upkeep]\n|-heal|p1b: Pyroar|89\/100|[from] Grassy Terrain\n|-heal|p1a: Whimsicott|14\/100|[from] Grassy Terrain\n|-fieldend|move: Grassy Terrain\n|upkeep\n|\n|t:|1734515345\n|switch|p2a: Pelipper|Pelipper, L50, F|100\/100\n|switch|p2b: Sinistcha|Sinistcha, L50|100\/100\n|-weather|RainDance|[from] ability: Drizzle|[of] p2a: Pelipper\n|turn|6\n|\n|t:|1734515362\n|-terastallize|p2b: Sinistcha|Dark\n|move|p1a: Whimsicott|Sunny Day|p1a: Whimsicott\n|-weather|SunnyDay\n|move|p1b: Pyroar|Heat Wave|p2b: Sinistcha|[spread] p2a,p2b\n|-resisted|p2a: Pelipper\n|-damage|p2a: Pelipper|49\/100\n|-damage|p2b: Sinistcha|56\/100\n|move|p2a: Pelipper|Weather Ball|p1a: Whimsicott\n|-supereffective|p1a: Whimsicott\n|-damage|p1a: Whimsicott|0 fnt\n|faint|p1a: Whimsicott\n|move|p2b: Sinistcha|Trick Room|p2b: Sinistcha\n|-fieldstart|move: Trick Room|[of] p2b: Sinistcha\n|\n|-weather|SunnyDay|[upkeep]\n|upkeep\n|\n|t:|1734515379\n|switch|p1a: Farigiraf|Farigiraf, L50, M, tera:Ground|92\/100\n|turn|7\n|\n|t:|1734515386\n|move|p2a: Pelipper|Protect|p2a: Pelipper\n|-singleturn|p2a: Pelipper|Protect\n|move|p1a: Farigiraf|Tera Blast|p2b: Sinistcha|[anim] Tera Blast Ground\n|-damage|p2b: Sinistcha|36\/100\n|move|p2b: Sinistcha|Matcha Gotcha|p1b: Pyroar|[spread] p1a,p1b\n|-supereffective|p1a: Farigiraf\n|-resisted|p1b: Pyroar\n|-crit|p1b: Pyroar\n|-damage|p1a: Farigiraf|49\/100\n|-heal|p2b: Sinistcha|64\/100|[from] drain|[of] p1a: Farigiraf\n|-damage|p1b: Pyroar|63\/100\n|-heal|p2b: Sinistcha|76\/100|[from] drain|[of] p1b: Pyroar\n|move|p1b: Pyroar|Heat Wave|p2b: Sinistcha|[spread] p2b\n|-activate|p2a: Pelipper|move: Protect\n|-damage|p2b: Sinistcha|26\/100\n|\n|-weather|SunnyDay|[upkeep]\n|upkeep\n|turn|8\n|\n|t:|1734515405\n|move|p1a: Farigiraf|Psychic|p2a: Pelipper\n|-damage|p2a: Pelipper|5\/100\n|move|p2b: Sinistcha|Matcha Gotcha|p1a: Farigiraf|[spread] p1a,p1b\n|-supereffective|p1a: Farigiraf\n|-resisted|p1b: Pyroar\n|-damage|p1a: Farigiraf|6\/100\n|-heal|p2b: Sinistcha|54\/100|[from] drain|[of] p1a: Farigiraf\n|-damage|p1b: Pyroar|46\/100\n|-heal|p2b: Sinistcha|62\/100|[from] drain|[of] p1b: Pyroar\n|move|p2a: Pelipper|Hurricane|p1b: Pyroar|[miss]\n|-miss|p2a: Pelipper|p1b: Pyroar\n|move|p1b: Pyroar|Heat Wave|p2b: Sinistcha|[spread] p2a,p2b\n|-resisted|p2a: Pelipper\n|-damage|p2a: Pelipper|0 fnt\n|-damage|p2b: Sinistcha|12\/100\n|faint|p2a: Pelipper\n|\n|-weather|SunnyDay|[upkeep]\n|-sideend|p2: Bef6|Reflect\n|upkeep\n|turn|9\n|\n|t:|1734515416\n|move|p1a: Farigiraf|Tera Blast|p2b: Sinistcha|[anim] Tera Blast Ground\n|-damage|p2b: Sinistcha|0 fnt\n|faint|p2b: Sinistcha\n|\n|win|kaizaaz\n|raw|kaizaaz's rating: 1636 &rarr; <strong>1665<\/strong><br \/>(+29 for winning)\n|raw|Bef6's rating: 1813 &rarr; <strong>1784<\/strong><br \/>(-29 for losing)\n|l|\u2606Bef6\n|player|p2|\n|c|\u2606kaizaaz|gg\n|l|\u2606kaizaaz\n|player|p1|\n","uploadtime":1734515693,"views":38,"formatid":"gen9vgc2024regh","rating":1665,"private":0,"password":null}