{"id":"gen9vgc2024regh-2265446846","format":"[Gen 9] VGC 2024 Reg H","players":["KitakamiApples","Longhq"],"log":"|j|\u2606KitakamiApples\n|j|\u203dLonghq\n|t:|1734543019\n|gametype|doubles\n|player|p1|KitakamiApples|kieran-festival|1696\n|player|p2|Longhq|dawn|1770\n|teamsize|p1|6\n|teamsize|p2|6\n|gen|9\n|tier|[Gen 9] VGC 2024 Reg H\n|rated|\n|rule|Species Clause: Limit one of each Pok\u00e9mon\n|rule|Item Clause: Limit 1 of each item\n|clearpoke\n|poke|p1|Ursaluna, L50, M|\n|poke|p1|Kilowattrel, L50, M|\n|poke|p1|Porygon2, L50|\n|poke|p1|Incineroar, L50, F|\n|poke|p1|Amoonguss, L50, M|\n|poke|p1|Gholdengo, L50|\n|poke|p2|Espeon, L50, F|\n|poke|p2|Indeedee-F, L50, F|\n|poke|p2|Gallade, L50, M|\n|poke|p2|Breloom, L50, M|\n|poke|p2|Torkoal, L50, F|\n|poke|p2|Archaludon, L50, M|\n|teampreview|4\n|inactive|Battle timer is ON: inactive players will automatically lose when time's up. (requested by KitakamiApples)\n|inactive|Longhq has 60 seconds left.\n|\n|t:|1734543067\n|start\n|switch|p1a: Kilowattrel|Kilowattrel, L50, M|100\/100\n|switch|p1b: Gholdengo|Gholdengo, L50|100\/100\n|switch|p2a: Gallade|Gallade, L50, M|100\/100\n|switch|p2b: Espeon|Espeon, L50, F|100\/100\n|turn|1\n|\n|t:|1734543084\n|-terastallize|p2b: Espeon|Ground\n|move|p1a: Kilowattrel|Air Slash|p2a: Gallade\n|-supereffective|p2a: Gallade\n|-damage|p2a: Gallade|35\/100\n|move|p2b: Espeon|Tera Blast|p1b: Gholdengo|[anim] Tera Blast Ground\n|-supereffective|p1b: Gholdengo\n|-damage|p1b: Gholdengo|0 fnt\n|faint|p1b: Gholdengo\n|-damage|p2b: Espeon|91\/100|[from] item: Life Orb\n|move|p2a: Gallade|Trick Room|p2a: Gallade\n|-fieldstart|move: Trick Room|[of] p2a: Gallade\n|\n|upkeep\n|j| stewpeed\n|\n|t:|1734543092\n|switch|p1b: Ursaluna|Ursaluna, L50, M|100\/100\n|turn|2\n|\n|t:|1734543112\n|-terastallize|p1b: Ursaluna|Fairy\n|move|p2b: Espeon|Detect|p2b: Espeon\n|-singleturn|p2b: Espeon|Protect\n|move|p2a: Gallade|Sacred Sword|p1b: Ursaluna\n|-resisted|p1b: Ursaluna\n|-damage|p1b: Ursaluna|74\/100\n|move|p1b: Ursaluna|Earthquake|p2a: Gallade|[spread] p2a\n|-activate|p2b: Espeon|move: Protect\n|-immune|p1a: Kilowattrel\n|-damage|p2a: Gallade|0 fnt\n|faint|p2a: Gallade\n|move|p1a: Kilowattrel|Air Slash|p2b: Espeon\n|-activate|p2b: Espeon|move: Protect\n|\n|-status|p1b: Ursaluna|brn|[from] item: Flame Orb\n|upkeep\n|\n|t:|1734543125\n|switch|p2a: Torkoal|Torkoal, L50, F|100\/100\n|-weather|SunnyDay|[from] ability: Drought|[of] p2a: Torkoal\n|turn|3\n|\n|t:|1734543135\n|switch|p2b: Indeedee|Indeedee-F, L50, F|100\/100\n|-fieldstart|move: Psychic Terrain|[from] ability: Psychic Surge|[of] p2b: Indeedee\n|move|p2a: Torkoal|Eruption|p1b: Ursaluna|[spread] p1a,p1b\n|-enditem|p1a: Kilowattrel|Focus Sash\n|-damage|p1a: Kilowattrel|1\/100\n|-damage|p1b: Ursaluna|0 fnt\n|faint|p1b: Ursaluna\n|move|p1a: Kilowattrel|Air Slash|p2b: Indeedee\n|-damage|p2b: Indeedee|70\/100\n|\n|-weather|SunnyDay|[upkeep]\n|upkeep\n|\n|t:|1734543145\n|switch|p1b: Incineroar|Incineroar, L50, F|100\/100\n|-ability|p1b: Incineroar|Intimidate|boost\n|-unboost|p2a: Torkoal|atk|1\n|-unboost|p2b: Indeedee|atk|1\n|turn|4\n|\n|t:|1734543157\n|move|p1a: Kilowattrel|Protect|p1a: Kilowattrel\n|-singleturn|p1a: Kilowattrel|Protect\n|move|p2b: Indeedee|Follow Me|p2b: Indeedee\n|-singleturn|p2b: Indeedee|move: Follow Me\n|move|p2a: Torkoal|Eruption|p1a: Kilowattrel|[spread] p1b\n|-activate|p1a: Kilowattrel|move: Protect\n|-resisted|p1b: Incineroar\n|-damage|p1b: Incineroar|68\/100\n|move|p1b: Incineroar|Knock Off|p2b: Indeedee\n|-supereffective|p2b: Indeedee\n|-damage|p2b: Indeedee|0 fnt\n|-damage|p1b: Incineroar|52\/100|[from] item: Rocky Helmet|[of] p2b: Indeedee\n|-enditem|p2b: Indeedee|Rocky Helmet|[from] move: Knock Off|[of] p1b: Incineroar\n|faint|p2b: Indeedee\n|\n|-weather|SunnyDay|[upkeep]\n|upkeep\n|\n|t:|1734543170\n|switch|p2b: Espeon|Espeon, L50, F, tera:Ground|91\/100\n|turn|5\n|\n|t:|1734543175\n|move|p2b: Espeon|Detect|p2b: Espeon\n|-singleturn|p2b: Espeon|Protect\n|move|p1a: Kilowattrel|Protect|p1a: Kilowattrel\n|-singleturn|p1a: Kilowattrel|Protect\n|move|p2a: Torkoal|Eruption|p1a: Kilowattrel|[spread] p1b\n|-activate|p1a: Kilowattrel|move: Protect\n|-resisted|p1b: Incineroar\n|-damage|p1b: Incineroar|20\/100\n|move|p1b: Incineroar|Knock Off|p2a: Torkoal\n|-damage|p2a: Torkoal|68\/100\n|-enditem|p2a: Torkoal|Choice Specs|[from] move: Knock Off|[of] p1b: Incineroar\n|\n|-weather|SunnyDay|[upkeep]\n|-fieldend|move: Trick Room\n|upkeep\n|turn|6\n|inactive|KitakamiApples has 30 seconds left.\n|\n|t:|1734543210\n|move|p1a: Kilowattrel|Tailwind|p1a: Kilowattrel\n|-sidestart|p1: KitakamiApples|move: Tailwind\n|move|p1b: Incineroar|Flare Blitz|p2b: Espeon\n|-damage|p2b: Espeon|0 fnt\n|faint|p2b: Espeon\n|-damage|p1b: Incineroar|0 fnt|[from] Recoil\n|faint|p1b: Incineroar\n|move|p2a: Torkoal|Heat Wave|p1a: Kilowattrel\n|-damage|p1a: Kilowattrel|0 fnt\n|faint|p1a: Kilowattrel\n|\n|win|Longhq\n|raw|KitakamiApples's rating: 1696 &rarr; <strong>1680<\/strong><br \/>(-16 for losing)\n|raw|Longhq's rating: 1770 &rarr; <strong>1786<\/strong><br \/>(+16 for winning)\n|l|\u2606KitakamiApples\n|player|p1|\n|l|\u203dLonghq\n|player|p2|\n","uploadtime":1734543406,"views":15,"formatid":"gen9vgc2024regh","rating":1680,"private":0,"password":null}