{"id":"gen9vgc2024regh-2265150804","format":"[Gen 9] VGC 2024 Reg H","players":["PirateRoberts77","lichuweijixi"],"log":"|j|\u2606PirateRoberts77\n|j|\u2606lichuweijixi\n|t:|1734500531\n|gametype|doubles\n|player|p1|PirateRoberts77|hilbert|1679\n|player|p2|lichuweijixi|265|1808\n|teamsize|p1|6\n|teamsize|p2|6\n|gen|9\n|tier|[Gen 9] VGC 2024 Reg H\n|rated|\n|rule|Species Clause: Limit one of each Pok\u00e9mon\n|rule|Item Clause: Limit 1 of each item\n|clearpoke\n|poke|p1|Torterra, L50, M|\n|poke|p1|Annihilape, L50, M|\n|poke|p1|Armarouge, L50, M|\n|poke|p1|Oranguru, L50, M|\n|poke|p1|Torkoal, L50, M|\n|poke|p1|Sylveon, L50, F|\n|poke|p2|Dragonite, L50, M|\n|poke|p2|Gholdengo, L50|\n|poke|p2|Dondozo, L50, M|\n|poke|p2|Tatsugiri, L50, M|\n|poke|p2|Annihilape, L50, F|\n|poke|p2|Ursaluna-Bloodmoon, L50, M|\n|teampreview|4\n|inactive|Battle timer is ON: inactive players will automatically lose when time's up. (requested by PirateRoberts77)\n|inactive|lichuweijixi has 60 seconds left.\n|\n|t:|1734500563\n|start\n|switch|p1a: Annihilape|Annihilape, L50, M|100\/100\n|switch|p1b: Oranguru|Oranguru, L50, M|100\/100\n|switch|p2a: Annihilape|Annihilape, L50, F|100\/100\n|switch|p2b: Dondozo|Dondozo, L50, M|100\/100\n|turn|1\n|inactive|lichuweijixi has 30 seconds left.\n|inactive|lichuweijixi has 20 seconds left.\n|inactive|lichuweijixi has 15 seconds left.\n|\n|t:|1734500606\n|-terastallize|p2b: Dondozo|Ghost\n|move|p1a: Annihilape|Shadow Claw|p2a: Annihilape\n|-supereffective|p2a: Annihilape\n|-damage|p2a: Annihilape|40\/100\n|-enditem|p2a: Annihilape|Sitrus Berry|[eat]\n|-heal|p2a: Annihilape|65\/100|[from] item: Sitrus Berry\n|move|p2a: Annihilape|Close Combat|p1b: Oranguru\n|-damage|p1b: Oranguru|64\/100\n|-unboost|p2a: Annihilape|def|1\n|-unboost|p2a: Annihilape|spd|1\n|move|p2b: Dondozo|Rock Slide|p1b: Oranguru|[spread] p1a,p1b\n|-resisted|p1a: Annihilape\n|-damage|p1a: Annihilape|89\/100\n|-damage|p1b: Oranguru|45\/100\n|-damage|p2b: Dondozo|91\/100|[from] item: Life Orb\n|move|p1b: Oranguru|Trick Room|p1b: Oranguru\n|-fieldstart|move: Trick Room|[of] p1b: Oranguru\n|\n|upkeep\n|turn|2\n|\n|t:|1734500630\n|move|p2b: Dondozo|Protect|p2b: Dondozo\n|-singleturn|p2b: Dondozo|Protect\n|move|p1b: Oranguru|Instruct|p1a: Annihilape\n|-singleturn|p1a: Annihilape|move: Instruct|[of] p1b: Oranguru\n|move|p1a: Annihilape|Shadow Claw|p2a: Annihilape\n|-supereffective|p2a: Annihilape\n|-damage|p2a: Annihilape|0 fnt\n|faint|p2a: Annihilape\n|move|p1a: Annihilape|Shadow Claw|p2b: Dondozo\n|-activate|p2b: Dondozo|move: Protect\n|\n|upkeep\n|\n|t:|1734500645\n|switch|p2a: Gholdengo|Gholdengo, L50, shiny|100\/100\n|turn|3\n|\n|t:|1734500652\n|switch|p2a: Tatsugiri|Tatsugiri, L50, M|100\/100\n|-activate|p2a: Tatsugiri|ability: Commander|[of] p2b: Dondozo\n|-boost|p2b: Dondozo|atk|2\n|-boost|p2b: Dondozo|spa|2\n|-boost|p2b: Dondozo|spe|2\n|-boost|p2b: Dondozo|def|2\n|-boost|p2b: Dondozo|spd|2\n|move|p1b: Oranguru|Instruct|p1a: Annihilape\n|-singleturn|p1a: Annihilape|move: Instruct|[of] p1b: Oranguru\n|move|p1a: Annihilape|Shadow Claw|p2b: Dondozo\n|-supereffective|p2b: Dondozo\n|-damage|p2b: Dondozo|69\/100\n|move|p2b: Dondozo|Earthquake|p1b: Oranguru|[spread] p1a,p1b\n|-miss|p2b: Dondozo|p2a: Tatsugiri\n|-damage|p1a: Annihilape|29\/100\n|-damage|p1b: Oranguru|0 fnt\n|faint|p1b: Oranguru\n|-damage|p2b: Dondozo|59\/100|[from] item: Life Orb\n|move|p1a: Annihilape|Shadow Claw|p2a: Tatsugiri|[miss]\n|-miss|p1a: Annihilape|p2a: Tatsugiri\n|\n|upkeep\n|\n|t:|1734500658\n|switch|p1b: Torterra|Torterra, L50, M|100\/100\n|turn|4\n|\n|t:|1734500681\n|move|p2b: Dondozo|Protect|p2b: Dondozo\n|-singleturn|p2b: Dondozo|Protect\n|move|p1b: Torterra|Bullet Seed|p2b: Dondozo\n|-activate|p2b: Dondozo|move: Protect\n|move|p1a: Annihilape|Shadow Claw|p2b: Dondozo\n|-activate|p2b: Dondozo|move: Protect\n|\n|upkeep\n|turn|5\n|\n|t:|1734500695\n|move|p1b: Torterra|Bullet Seed|p2b: Dondozo\n|-damage|p2b: Dondozo|54\/100\n|-damage|p2b: Dondozo|48\/100\n|-damage|p2b: Dondozo|43\/100\n|-damage|p2b: Dondozo|38\/100\n|-damage|p2b: Dondozo|33\/100\n|-hitcount|p2b: Dondozo|5\n|move|p2b: Dondozo|Rock Slide|p1b: Torterra|[spread] p1a,p1b\n|-resisted|p1a: Annihilape\n|-resisted|p1b: Torterra\n|-damage|p1a: Annihilape|5\/100\n|-damage|p1b: Torterra|81\/100\n|-damage|p2b: Dondozo|24\/100|[from] item: Life Orb\n|move|p1a: Annihilape|Shadow Claw|p2b: Dondozo\n|-supereffective|p2b: Dondozo\n|-damage|p2b: Dondozo|2\/100\n|\n|-fieldend|move: Trick Room\n|upkeep\n|turn|6\n|inactive|lichuweijixi has 30 seconds left.\n|\n|t:|1734500723\n|move|p1a: Annihilape|Shadow Claw|p2b: Dondozo\n|-supereffective|p2b: Dondozo\n|-damage|p2b: Dondozo|0 fnt\n|faint|p2b: Dondozo\n|move|p1b: Torterra|Bullet Seed|p2a: Tatsugiri\n|-damage|p2a: Tatsugiri|78\/100\n|-damage|p2a: Tatsugiri|53\/100\n|-damage|p2a: Tatsugiri|29\/100\n|-damage|p2a: Tatsugiri|2\/100\n|-hitcount|p2a: Tatsugiri|4\n|\n|upkeep\n|\n|t:|1734500734\n|switch|p2b: Gholdengo|Gholdengo, L50, shiny|100\/100\n|turn|7\n|\n|t:|1734500745\n|move|p1b: Torterra|Wide Guard|p1b: Torterra\n|-singleturn|p1b: Torterra|Wide Guard\n|move|p1a: Annihilape|Shadow Claw|p2a: Tatsugiri\n|-crit|p2a: Tatsugiri\n|-damage|p2a: Tatsugiri|0 fnt\n|faint|p2a: Tatsugiri\n|move|p2b: Gholdengo|Make It Rain|p1b: Torterra|[spread] \n|-activate|p1a: Annihilape|move: Wide Guard\n|-activate|p1b: Torterra|move: Wide Guard\n|\n|upkeep\n|turn|8\n|-message|lichuweijixi forfeited.\n|\n|win|PirateRoberts77\n|raw|PirateRoberts77's rating: 1679 &rarr; <strong>1706<\/strong><br \/>(+27 for winning)\n|raw|lichuweijixi's rating: 1808 &rarr; <strong>1781<\/strong><br \/>(-27 for losing)\n|l|\u2606lichuweijixi\n|player|p2|\n|l|\u2606PirateRoberts77\n|player|p1|\n","uploadtime":1734500923,"views":11,"formatid":"gen9vgc2024regh","rating":1706,"private":0,"password":null}