{"id":"gen9vgc2024regh-2266683672","format":"[Gen 9] VGC 2024 Reg H","players":["lkwa1994","Hesolk"],"log":"|j|\u2606lkwa1994\n|j|\u2606Hesolk\n|t:|1734713715\n|gametype|doubles\n|player|p1|lkwa1994|1|1726\n|player|p2|Hesolk|265|1667\n|teamsize|p1|6\n|teamsize|p2|6\n|gen|9\n|tier|[Gen 9] VGC 2024 Reg H\n|rated|\n|rule|Species Clause: Limit one of each Pok\u00e9mon\n|rule|Item Clause: Limit 1 of each item\n|clearpoke\n|poke|p1|Dragonite, L50, F|\n|poke|p1|Sinistcha-Masterpiece, L50|\n|poke|p1|Pelipper, L50, M|\n|poke|p1|Basculegion, L50, M|\n|poke|p1|Ursaluna, L50, M|\n|poke|p1|Archaludon, L50, M|\n|poke|p2|Garchomp, L50, M|\n|poke|p2|Sneasler, L50, M|\n|poke|p2|Pelipper, L50, M|\n|poke|p2|Archaludon, L50, M|\n|poke|p2|Whimsicott, L50, F|\n|poke|p2|Incineroar, L50, M|\n|teampreview|4\n|\n|t:|1734713792\n|start\n|switch|p1a: Dragonite|Dragonite, L50, F|100\/100\n|switch|p1b: Pelipper|Pelipper, L50, M|100\/100\n|switch|p2a: Whimsicott|Whimsicott, L50, F|100\/100\n|switch|p2b: Archaludon|Archaludon, L50, M|100\/100\n|-weather|RainDance|[from] ability: Drizzle|[of] p1b: Pelipper\n|turn|1\n|inactive|Battle timer is ON: inactive players will automatically lose when time's up. (requested by lkwa1994)\n|\n|t:|1734713853\n|-terastallize|p2b: Archaludon|Electric\n|move|p1a: Dragonite|Extreme Speed|p2a: Whimsicott\n|-damage|p2a: Whimsicott|54\/100\n|move|p2a: Whimsicott|Moonblast|p1a: Dragonite\n|-supereffective|p1a: Dragonite\n|-damage|p1a: Dragonite|64\/100\n|-unboost|p1a: Dragonite|spa|1\n|move|p2b: Archaludon|Electro Shot||[still]\n|-prepare|p2b: Archaludon|Electro Shot\n|-boost|p2b: Archaludon|spa|1\n|-anim|p2b: Archaludon|Electro Shot|p1b: Pelipper\n|-supereffective|p1b: Pelipper\n|-enditem|p1b: Pelipper|Focus Sash\n|-damage|p1b: Pelipper|1\/100\n|move|p1b: Pelipper|Hurricane|p2a: Whimsicott\n|-supereffective|p2a: Whimsicott\n|-damage|p2a: Whimsicott|0 fnt\n|faint|p2a: Whimsicott\n|\n|-weather|RainDance|[upkeep]\n|upkeep\n|\n|t:|1734713870\n|switch|p2a: Pelipper|Pelipper, L50, M|100\/100\n|turn|2\n|inactive|lkwa1994 has 30 seconds left.\n|\n|t:|1734713896\n|move|p1a: Dragonite|Protect|p1a: Dragonite\n|-singleturn|p1a: Dragonite|Protect\n|move|p2a: Pelipper|Icy Wind|p1a: Dragonite|[spread] p1b\n|-activate|p1a: Dragonite|move: Protect\n|-damage|p1b: Pelipper|0 fnt\n|faint|p1b: Pelipper\n|move|p2b: Archaludon|Electro Shot||[still]\n|-prepare|p2b: Archaludon|Electro Shot\n|-boost|p2b: Archaludon|spa|1\n|-anim|p2b: Archaludon|Electro Shot|p1a: Dragonite\n|-activate|p1a: Dragonite|move: Protect\n|\n|-weather|RainDance|[upkeep]\n|upkeep\n|\n|t:|1734713914\n|switch|p1b: Ursaluna|Ursaluna, L50, M|100\/100\n|turn|3\n|\n|t:|1734713933\n|switch|p1b: Sinistcha|Sinistcha-Masterpiece, L50|100\/100\n|-heal|p1a: Dragonite|89\/100|[from] ability: Hospitality|[of] p1b: Sinistcha\n|move|p2a: Pelipper|Icy Wind|p1b: Sinistcha|[spread] p1a,p1b\n|-supereffective|p1a: Dragonite\n|-supereffective|p1b: Sinistcha\n|-damage|p1a: Dragonite|44\/100\n|-damage|p1b: Sinistcha|77\/100\n|-unboost|p1a: Dragonite|spe|1\n|-unboost|p1b: Sinistcha|spe|1\n|move|p2b: Archaludon|Draco Meteor|p1b: Sinistcha\n|-damage|p1b: Sinistcha|0 fnt\n|-unboost|p2b: Archaludon|spa|2\n|faint|p1b: Sinistcha\n|move|p1a: Dragonite|Scale Shot|p2b: Archaludon\n|-damage|p2b: Archaludon|89\/100\n|-damage|p2b: Archaludon|76\/100\n|-damage|p2b: Archaludon|64\/100\n|-damage|p2b: Archaludon|52\/100\n|-hitcount|p2b: Archaludon|4\n|-unboost|p1a: Dragonite|def|1\n|-boost|p1a: Dragonite|spe|1\n|\n|-weather|RainDance|[upkeep]\n|upkeep\n|\n|t:|1734713954\n|switch|p1b: Ursaluna|Ursaluna, L50, M|100\/100\n|turn|4\n|\n|t:|1734713978\n|-terastallize|p1a: Dragonite|Normal\n|move|p1b: Ursaluna|Protect|p1b: Ursaluna\n|-singleturn|p1b: Ursaluna|Protect\n|move|p1a: Dragonite|Extreme Speed|p2b: Archaludon\n|-damage|p2b: Archaludon|10\/100\n|move|p2a: Pelipper|Icy Wind|p1b: Ursaluna|[spread] p1a\n|-activate|p1b: Ursaluna|move: Protect\n|-damage|p1a: Dragonite|30\/100\n|-unboost|p1a: Dragonite|spe|1\n|move|p2b: Archaludon|Electro Shot||[still]\n|-prepare|p2b: Archaludon|Electro Shot\n|-boost|p2b: Archaludon|spa|1\n|-anim|p2b: Archaludon|Electro Shot|p1a: Dragonite\n|-damage|p1a: Dragonite|0 fnt\n|faint|p1a: Dragonite\n|\n|-weather|RainDance|[upkeep]\n|-status|p1b: Ursaluna|brn|[from] item: Flame Orb\n|upkeep\n|turn|5\n|j| Adityagore1234\n|inactive|lkwa1994 has 30 seconds left.\n|\n|t:|1734714004\n|move|p2a: Pelipper|Icy Wind|p1b: Ursaluna\n|-supereffective|p1b: Ursaluna\n|-damage|p1b: Ursaluna|75\/100 brn\n|-unboost|p1b: Ursaluna|spe|1\n|move|p2b: Archaludon|Draco Meteor|p1b: Ursaluna\n|-damage|p1b: Ursaluna|0 fnt\n|-unboost|p2b: Archaludon|spa|2\n|faint|p1b: Ursaluna\n|\n|win|Hesolk\n|raw|lkwa1994's rating: 1726 &rarr; <strong>1703<\/strong><br \/>(-23 for losing)\n|raw|Hesolk's rating: 1667 &rarr; <strong>1690<\/strong><br \/>(+23 for winning)\n|l|\u2606lkwa1994\n|player|p1|\n","uploadtime":1734714042,"views":23,"formatid":"gen9vgc2024regh","rating":1690,"private":0,"password":null}