{"id":"gen9vgc2024regh-2266823361","format":"[Gen 9] VGC 2024 Reg H","players":["pneumatictoad","Bef6"],"log":"|j|\u2606pneumatictoad\n|j|\u2606Bef6\n|t:|1734729809\n|gametype|doubles\n|player|p1|pneumatictoad|janine|1647\n|player|p2|Bef6|lucas|1882\n|teamsize|p1|6\n|teamsize|p2|6\n|gen|9\n|tier|[Gen 9] VGC 2024 Reg H\n|rated|\n|rule|Species Clause: Limit one of each Pok\u00e9mon\n|rule|Item Clause: Limit 1 of each item\n|clearpoke\n|poke|p1|Poliwrath, L50, M|\n|poke|p1|Pelipper, L50, M|\n|poke|p1|Indeedee-F, L50, F|\n|poke|p1|Sinistcha, L50|\n|poke|p1|Braviary-Hisui, L50, M|\n|poke|p1|Annihilape, L50, M|\n|poke|p2|Archaludon, L50, M|\n|poke|p2|Pelipper, L50, M|\n|poke|p2|Annihilape, L50, M|\n|poke|p2|Grimmsnarl, L50, M|\n|poke|p2|Sinistcha, L50|\n|poke|p2|Ursaluna, L50, F|\n|teampreview|4\nBef6 has agreed to open team sheets.\n|\n|t:|1734729919\n|start\n|switch|p1a: Annihilape|Annihilape, L50, M|100\/100\n|switch|p1b: Indeedee|Indeedee-F, L50, F|100\/100\n|switch|p2a: Grimmsnarl|Grimmsnarl, L50, M|100\/100\n|switch|p2b: Archaludon|Archaludon, L50, M|100\/100\n|-fieldstart|move: Psychic Terrain|[from] ability: Psychic Surge|[of] p1b: Indeedee\n|turn|1\n|\n|t:|1734729929\n|switch|p2b: Pelipper|Pelipper, L50, M|100\/100\n|-weather|RainDance|[from] ability: Drizzle|[of] p2b: Pelipper\n|move|p2a: Grimmsnarl|Reflect|p2a: Grimmsnarl\n|-sidestart|p2: Bef6|Reflect\n|move|p1a: Annihilape|Final Gambit|p2a: Grimmsnarl\n|-damage|p2a: Grimmsnarl|0 fnt\n|faint|p1a: Annihilape\n|faint|p2a: Grimmsnarl\n|move|p1b: Indeedee|Trick Room|p1b: Indeedee\n|-fieldstart|move: Trick Room|[of] p1b: Indeedee\n|\n|-weather|RainDance|[upkeep]\n|upkeep\n|\n|t:|1734729944\n|switch|p2a: Archaludon|Archaludon, L50, M|100\/100\n|switch|p1a: Braviary|Braviary-Hisui, L50, M|100\/100\n|turn|2\n|\n|t:|1734729954\n|-terastallize|p1a: Braviary|Psychic\n|move|p1b: Indeedee|Follow Me|p1b: Indeedee\n|-singleturn|p1b: Indeedee|move: Follow Me\n|move|p1a: Braviary|Expanding Force|p2b: Pelipper|[spread] p2a,p2b\n|-resisted|p2a: Archaludon\n|-damage|p2a: Archaludon|36\/100\n|-enditem|p2b: Pelipper|Focus Sash\n|-damage|p2b: Pelipper|1\/100\n|-ability|p2a: Archaludon|Stamina|boost\n|-boost|p2a: Archaludon|def|1\n|-damage|p1a: Braviary|91\/100|[from] item: Life Orb\n|move|p2a: Archaludon|Snarl|p1b: Indeedee|[spread] p1a,p1b\n|-supereffective|p1a: Braviary\n|-supereffective|p1b: Indeedee\n|-damage|p1a: Braviary|61\/100\n|-damage|p1b: Indeedee|81\/100\n|-unboost|p1a: Braviary|spa|1\n|-unboost|p1b: Indeedee|spa|1\n|move|p2b: Pelipper|Weather Ball|p1b: Indeedee\n|-damage|p1b: Indeedee|27\/100\n|\n|-weather|RainDance|[upkeep]\n|upkeep\n|turn|3\n|\n|t:|1734729970\n|switch|p2b: Sinistcha|Sinistcha, L50|100\/100\n|-heal|p2a: Archaludon|61\/100|[from] ability: Hospitality|[of] p2b: Sinistcha\n|move|p1a: Braviary|Close Combat|p2a: Archaludon\n|-supereffective|p2a: Archaludon\n|-damage|p2a: Archaludon|38\/100\n|-unboost|p1a: Braviary|def|1\n|-unboost|p1a: Braviary|spd|1\n|-ability|p2a: Archaludon|Stamina|boost\n|-boost|p2a: Archaludon|def|1\n|-damage|p1a: Braviary|51\/100|[from] item: Life Orb\n|move|p1b: Indeedee|Psychic|p2b: Sinistcha\n|-damage|p2b: Sinistcha|79\/100\n|move|p2a: Archaludon|Snarl|p1b: Indeedee|[spread] p1a,p1b\n|-supereffective|p1a: Braviary\n|-supereffective|p1b: Indeedee\n|-damage|p1a: Braviary|13\/100\n|-damage|p1b: Indeedee|9\/100\n|-unboost|p1a: Braviary|spa|1\n|-unboost|p1b: Indeedee|spa|1\n|\n|-weather|RainDance|[upkeep]\n|upkeep\n|turn|4\n|\n|t:|1734730030\n|switch|p1b: Sinistcha|Sinistcha, L50|100\/100\n|-heal|p1a: Braviary|37\/100|[from] ability: Hospitality|[of] p1b: Sinistcha\n|switch|p2a: Pelipper|Pelipper, L50, M|1\/100\n|move|p1a: Braviary|Expanding Force|p2b: Sinistcha|[spread] p2a,p2b\n|-damage|p2a: Pelipper|0 fnt\n|-damage|p2b: Sinistcha|32\/100\n|-enditem|p2b: Sinistcha|Sitrus Berry|[eat]\n|-heal|p2b: Sinistcha|57\/100|[from] item: Sitrus Berry\n|faint|p2a: Pelipper\n|-damage|p1a: Braviary|28\/100|[from] item: Life Orb\n|move|p2b: Sinistcha|Matcha Gotcha|p1b: Sinistcha|[spread] p1a,p1b\n|-resisted|p1b: Sinistcha\n|-damage|p1a: Braviary|0 fnt\n|-heal|p2b: Sinistcha|73\/100|[from] drain|[of] p1a: Braviary\n|-damage|p1b: Sinistcha|90\/100\n|-heal|p2b: Sinistcha|78\/100|[from] drain|[of] p1b: Sinistcha\n|faint|p1a: Braviary\n|\n|-weather|RainDance|[upkeep]\n|upkeep\n|\n|t:|1734730045\n|switch|p1a: Indeedee|Indeedee-F, L50, F|9\/100\n|switch|p2a: Archaludon|Archaludon, L50, M|38\/100\n|turn|5\n|\n|t:|1734730057\n|move|p1b: Sinistcha|Shadow Ball|p2a: Archaludon\n|-crit|p2a: Archaludon\n|-damage|p2a: Archaludon|0 fnt\n|faint|p2a: Archaludon\n|move|p1a: Indeedee|Psychic|p2b: Sinistcha\n|-damage|p2b: Sinistcha|41\/100\n|move|p2b: Sinistcha|Life Dew|p2b: Sinistcha\n|-heal|p2b: Sinistcha|66\/100\n|\n|-weather|none\n|-fieldend|move: Trick Room\n|-fieldend|move: Psychic Terrain\n|upkeep\n|turn|6\n|\n|t:|1734730069\n|move|p1a: Indeedee|Follow Me|p1a: Indeedee\n|-singleturn|p1a: Indeedee|move: Follow Me\n|move|p2b: Sinistcha|Matcha Gotcha|p1a: Indeedee|[spread] p1a,p1b\n|-resisted|p1b: Sinistcha\n|-damage|p1a: Indeedee|0 fnt\n|-heal|p2b: Sinistcha|70\/100|[from] drain|[of] p1a: Indeedee\n|-damage|p1b: Sinistcha|77\/100\n|-heal|p2b: Sinistcha|77\/100|[from] drain|[of] p1b: Sinistcha\n|-status|p1b: Sinistcha|brn\n|faint|p1a: Indeedee\n|move|p1b: Sinistcha|Shadow Ball|p2b: Sinistcha\n|-supereffective|p2b: Sinistcha\n|-damage|p2b: Sinistcha|15\/100\n|\n|-damage|p1b: Sinistcha|71\/100 brn|[from] brn\n|upkeep\n|turn|7\n|\n|t:|1734730087\n|-terastallize|p2b: Sinistcha|Dark\n|move|p2b: Sinistcha|Life Dew|p2b: Sinistcha\n|-heal|p2b: Sinistcha|40\/100\n|move|p1b: Sinistcha|Shadow Ball|p2b: Sinistcha\n|-resisted|p2b: Sinistcha\n|-damage|p2b: Sinistcha|24\/100\n|\n|-damage|p1b: Sinistcha|65\/100 brn|[from] brn\n|upkeep\n|turn|8\n|\n|t:|1734730096\n|move|p2b: Sinistcha|Life Dew|p2b: Sinistcha\n|-heal|p2b: Sinistcha|49\/100\n|move|p1b: Sinistcha|Matcha Gotcha|p2b: Sinistcha\n|-damage|p2b: Sinistcha|16\/100\n|-heal|p1b: Sinistcha|81\/100 brn|[from] drain|[of] p2b: Sinistcha\n|\n|-damage|p1b: Sinistcha|75\/100 brn|[from] brn\n|-sideend|p2: Bef6|Reflect\n|upkeep\n|turn|9\n|\n|t:|1734730101\n|move|p2b: Sinistcha|Matcha Gotcha|p1b: Sinistcha|[miss]\n|-miss|p2b: Sinistcha|p1b: Sinistcha\n|move|p1b: Sinistcha|Matcha Gotcha|p2b: Sinistcha\n|-damage|p2b: Sinistcha|0 fnt\n|-heal|p1b: Sinistcha|83\/100 brn|[from] drain|[of] p2b: Sinistcha\n|faint|p2b: Sinistcha\n|\n|win|pneumatictoad\n|raw|pneumatictoad's rating: 1647 &rarr; <strong>1679<\/strong><br \/>(+32 for winning)\n|raw|Bef6's rating: 1882 &rarr; <strong>1850<\/strong><br \/>(-32 for losing)\n|l|\u2606Bef6\n|player|p2|\n|l|\u2606pneumatictoad\n|player|p1|\n","uploadtime":1734730344,"views":12,"formatid":"gen9vgc2024regh","rating":1679,"private":0,"password":null}