{"id":"gen9vgc2024regh-2267128118","format":"[Gen 9] VGC 2024 Reg H","players":["maxnia","daniiivgc"],"log":"|j|\u2606maxnia\n|j|\u203ddaniiivgc\n|t:|1734781956\n|gametype|doubles\n|player|p1|maxnia|266|1650\n|player|p2|daniiivgc|lucas|1686\n|teamsize|p1|6\n|teamsize|p2|6\n|gen|9\n|tier|[Gen 9] VGC 2024 Reg H\n|rated|\n|rule|Species Clause: Limit one of each Pok\u00e9mon\n|rule|Item Clause: Limit 1 of each item\n|clearpoke\n|poke|p1|Amoonguss, L50, M|\n|poke|p1|Incineroar, L50, F|\n|poke|p1|Gholdengo, L50|\n|poke|p1|Dragonite, L50, M|\n|poke|p1|Ursaluna-Bloodmoon, L50, M|\n|poke|p1|Sneasler, L50, F|\n|poke|p2|Dragonite, L50, M|\n|poke|p2|Ursaluna-Bloodmoon, L50, M|\n|poke|p2|Archaludon, L50, F|\n|poke|p2|Whimsicott, L50, F|\n|poke|p2|Gholdengo, L50|\n|poke|p2|Incineroar, L50, F|\n|teampreview|4\n|\n|t:|1734781996\n|start\n|switch|p1a: Ursaluna|Ursaluna-Bloodmoon, L50, M|100\/100\n|switch|p1b: Dragonite|Dragonite, L50, M|100\/100\n|switch|p2a: Whimsicott|Whimsicott, L50, F|100\/100\n|switch|p2b: Dragonite|Dragonite, L50, M|100\/100\n|turn|1\n|inactive|Battle timer is ON: inactive players will automatically lose when time's up. (requested by daniiivgc)\n|\n|t:|1734782013\n|switch|p1b: Incineroar|Incineroar, L50, F|100\/100\n|-ability|p1b: Incineroar|Intimidate|boost\n|-unboost|p2a: Whimsicott|atk|1\n|-unboost|p2b: Dragonite|atk|1\n|-terastallize|p2b: Dragonite|Fairy\n|move|p2a: Whimsicott|Tailwind|p2a: Whimsicott\n|-sidestart|p2: daniiivgc|move: Tailwind\n|move|p2b: Dragonite|Scale Shot|p1a: Ursaluna\n|-damage|p1a: Ursaluna|93\/100\n|-damage|p1a: Ursaluna|85\/100\n|-damage|p1a: Ursaluna|78\/100\n|-damage|p1a: Ursaluna|70\/100\n|-damage|p1a: Ursaluna|63\/100\n|-hitcount|p1a: Ursaluna|5\n|-unboost|p2b: Dragonite|def|1\n|-boost|p2b: Dragonite|spe|1\n|move|p1a: Ursaluna|Blood Moon|p2a: Whimsicott\n|-damage|p2a: Whimsicott|13\/100\n|\n|upkeep\n|turn|2\n|inactive|daniiivgc has 30 seconds left.\n|\n|t:|1734782042\n|switch|p2a: Ursaluna|Ursaluna-Bloodmoon, L50, M|100\/100\n|move|p2b: Dragonite|Protect|p2b: Dragonite\n|-singleturn|p2b: Dragonite|Protect\n|move|p1b: Incineroar|Knock Off|p2b: Dragonite\n|-activate|p2b: Dragonite|move: Protect\n|move|p1a: Ursaluna|Hyper Voice|p2b: Dragonite|[spread] p2a\n|-activate|p2b: Dragonite|move: Protect\n|-damage|p2a: Ursaluna|75\/100\n|\n|upkeep\n|turn|3\n|\n|t:|1734782062\n|switch|p1b: Dragonite|Dragonite, L50, M|100\/100\n|move|p2b: Dragonite|Scale Shot|p1b: Dragonite\n|-supereffective|p1b: Dragonite\n|-damage|p1b: Dragonite|89\/100\n|-supereffective|p1b: Dragonite\n|-damage|p1b: Dragonite|64\/100\n|-supereffective|p1b: Dragonite\n|-damage|p1b: Dragonite|42\/100\n|-supereffective|p1b: Dragonite\n|-damage|p1b: Dragonite|20\/100\n|-hitcount|p1b: Dragonite|4\n|-unboost|p2b: Dragonite|def|1\n|-boost|p2b: Dragonite|spe|1\n|move|p2a: Ursaluna|Earth Power|p1b: Dragonite\n|-immune|p1b: Dragonite\n|move|p1a: Ursaluna|Blood Moon|p2a: Ursaluna\n|-crit|p2a: Ursaluna\n|-damage|p2a: Ursaluna|0 fnt\n|faint|p2a: Ursaluna\n|\n|upkeep\n|\n|t:|1734782081\n|switch|p2a: Whimsicott|Whimsicott, L50, F|13\/100\n|turn|4\n|\n|t:|1734782106\n|switch|p1b: Incineroar|Incineroar, L50, F|100\/100\n|-ability|p1b: Incineroar|Intimidate|boost\n|-unboost|p2a: Whimsicott|atk|1\n|-unboost|p2b: Dragonite|atk|1\n|move|p2b: Dragonite|Scale Shot|p1a: Ursaluna\n|-damage|p1a: Ursaluna|58\/100\n|-damage|p1a: Ursaluna|52\/100\n|-damage|p1a: Ursaluna|46\/100\n|-damage|p1a: Ursaluna|40\/100\n|-hitcount|p1a: Ursaluna|4\n|-unboost|p2b: Dragonite|def|1\n|-boost|p2b: Dragonite|spe|1\n|move|p2a: Whimsicott|Moonblast|p1b: Incineroar\n|-damage|p1b: Incineroar|73\/100\n|move|p1a: Ursaluna|Hyper Voice|p2b: Dragonite|[spread] p2a,p2b\n|-damage|p2a: Whimsicott|0 fnt\n|-damage|p2b: Dragonite|81\/100\n|faint|p2a: Whimsicott\n|\n|-sideend|p2: daniiivgc|move: Tailwind\n|upkeep\n|\n|t:|1734782122\n|switch|p2a: Archaludon|Archaludon, L50, F|100\/100\n|turn|5\n|\n|t:|1734782145\n|switch|p1b: Dragonite|Dragonite, L50, M|20\/100\n|move|p2b: Dragonite|Protect|p2b: Dragonite\n|-singleturn|p2b: Dragonite|Protect\n|move|p2a: Archaludon|Protect|p2a: Archaludon\n|-singleturn|p2a: Archaludon|Protect\n|move|p1a: Ursaluna|Earth Power|p2a: Archaludon\n|-activate|p2a: Archaludon|move: Protect\n|\n|upkeep\n|turn|6\n|inactive|daniiivgc has 30 seconds left.\n|\n|t:|1734782171\n|switch|p1a: Incineroar|Incineroar, L50, F|73\/100\n|-ability|p1a: Incineroar|Intimidate|boost\n|-unboost|p2a: Archaludon|atk|1\n|-unboost|p2b: Dragonite|atk|1\n|move|p1b: Dragonite|Protect|p1b: Dragonite\n|-singleturn|p1b: Dragonite|Protect\n|move|p2b: Dragonite|Scale Shot|p1b: Dragonite\n|-activate|p1b: Dragonite|move: Protect\n|move|p2a: Archaludon|Draco Meteor|p1a: Incineroar\n|-damage|p1a: Incineroar|0 fnt\n|-unboost|p2a: Archaludon|spa|2\n|faint|p1a: Incineroar\n|\n|upkeep\n|\n|t:|1734782189\n|switch|p1a: Ursaluna|Ursaluna-Bloodmoon, L50, M|40\/100\n|turn|7\n|\n|t:|1734782203\n|-terastallize|p1b: Dragonite|Fairy\n|move|p2b: Dragonite|Scale Shot|p1a: Ursaluna\n|-damage|p1a: Ursaluna|35\/100\n|-damage|p1a: Ursaluna|30\/100\n|-damage|p1a: Ursaluna|25\/100\n|-damage|p1a: Ursaluna|20\/100\n|-damage|p1a: Ursaluna|15\/100\n|-hitcount|p1a: Ursaluna|5\n|-unboost|p2b: Dragonite|def|1\n|-boost|p2b: Dragonite|spe|1\n|move|p2a: Archaludon|Flash Cannon|p1a: Ursaluna\n|-damage|p1a: Ursaluna|0 fnt\n|faint|p1a: Ursaluna\n|move|p1b: Dragonite|Tailwind|p1b: Dragonite\n|-sidestart|p1: maxnia|move: Tailwind\n|\n|upkeep\n|\n|t:|1734782219\n|switch|p1a: Sneasler|Sneasler, L50, F|100\/100\n|turn|8\n|\n|t:|1734782234\n|move|p2b: Dragonite|Protect|p2b: Dragonite\n|-singleturn|p2b: Dragonite|Protect\n|move|p1a: Sneasler|Close Combat|p2a: Archaludon\n|-supereffective|p2a: Archaludon\n|-crit|p2a: Archaludon\n|-ability|p2a: Archaludon|Sturdy\n|-damage|p2a: Archaludon|1\/100\n|-unboost|p1a: Sneasler|def|1\n|-unboost|p1a: Sneasler|spd|1\n|move|p1b: Dragonite|Scale Shot|p2a: Archaludon\n|-damage|p2a: Archaludon|0 fnt\n|faint|p2a: Archaludon\n|-hitcount|p2: Archaludon|1\n|-unboost|p1b: Dragonite|def|1\n|-boost|p1b: Dragonite|spe|1\n|\n|upkeep\n|turn|9\n|\n|t:|1734782251\n|move|p1b: Dragonite|Scale Shot|p2b: Dragonite\n|-immune|p2b: Dragonite\n|move|p2b: Dragonite|Scale Shot|p1a: Sneasler\n|-damage|p1a: Sneasler|86\/100\n|-damage|p1a: Sneasler|71\/100\n|-damage|p1a: Sneasler|55\/100\n|-damage|p1a: Sneasler|39\/100\n|-damage|p1a: Sneasler|25\/100\n|-hitcount|p1a: Sneasler|5\n|-unboost|p2b: Dragonite|def|1\n|-boost|p2b: Dragonite|spe|1\n|move|p1a: Sneasler|Dire Claw|p2b: Dragonite\n|-supereffective|p2b: Dragonite\n|-damage|p2b: Dragonite|0 fnt\n|faint|p2b: Dragonite\n|\n|win|maxnia\n|raw|maxnia's rating: 1650 &rarr; <strong>1672<\/strong><br \/>(+22 for winning)\n|raw|daniiivgc's rating: 1686 &rarr; <strong>1664<\/strong><br \/>(-22 for losing)\n|l|\u2606maxnia\n|player|p1|\n|l|\u203ddaniiivgc\n|player|p2|\n","uploadtime":1734782449,"views":12,"formatid":"gen9vgc2024regh","rating":1664,"private":0,"password":null}