{"id":"gen9vgc2024regh-2267433407","format":"[Gen 9] VGC 2024 Reg H","players":["Forbranna","SeaWolfMikess"],"log":"|j|\u2606Forbranna\n|j|\u2606SeaWolfMikess\n|t:|1734825847\n|gametype|doubles\n|player|p1|Forbranna|265|1699\n|player|p2|SeaWolfMikess|hugh|1732\n|teamsize|p1|6\n|teamsize|p2|6\n|gen|9\n|tier|[Gen 9] VGC 2024 Reg H\n|rated|\n|rule|Species Clause: Limit one of each Pok\u00e9mon\n|rule|Item Clause: Limit 1 of each item\n|clearpoke\n|poke|p1|Rillaboom, L50, M|\n|poke|p1|Annihilape, L50, M|\n|poke|p1|Maushold, L50|\n|poke|p1|Archaludon, L50, M|\n|poke|p1|Pelipper, L50, M|\n|poke|p1|Basculegion, L50, M|\n|poke|p2|Pelipper, L50, M|\n|poke|p2|Archaludon, L50, F|\n|poke|p2|Rillaboom, L50, M|\n|poke|p2|Sneasler, L50, F|\n|poke|p2|Incineroar, L50, F|\n|poke|p2|Gholdengo, L50|\n|teampreview|4\n|inactive|Battle timer is ON: inactive players will automatically lose when time's up. (requested by Forbranna)\n|inactive|SeaWolfMikess has 60 seconds left.\n|\n|t:|1734825878\n|start\n|switch|p1a: King Henry VIII|Annihilape, L50, M|100\/100\n|switch|p1b: The Brothers Grimm|Maushold, L50|100\/100\n|switch|p2a: Sneasler|Sneasler, L50, F|100\/100\n|switch|p2b: Archaludon|Archaludon, L50, F|100\/100\n|turn|1\n|\n|t:|1734825897\n|-terastallize|p2b: Archaludon|Electric\n|move|p1b: The Brothers Grimm|Protect|p1b: The Brothers Grimm\n|-singleturn|p1b: The Brothers Grimm|Protect\n|move|p2a: Sneasler|Throat Chop|p1a: King Henry VIII\n|-damage|p1a: King Henry VIII|78\/100\n|-start|p1a: King Henry VIII|Throat Chop|[silent]\n|move|p1a: King Henry VIII|Bulk Up|p1a: King Henry VIII\n|-boost|p1a: King Henry VIII|atk|1\n|-boost|p1a: King Henry VIII|def|1\n|move|p2b: Archaludon|Electro Shot||[still]\n|-prepare|p2b: Archaludon|Electro Shot\n|-boost|p2b: Archaludon|spa|1\n|-enditem|p2b: Archaludon|Power Herb\n|-anim|p2b: Archaludon|Electro Shot|p1a: King Henry VIII\n|-damage|p1a: King Henry VIII|6\/100\n|-enditem|p1a: King Henry VIII|Sitrus Berry|[eat]\n|-heal|p1a: King Henry VIII|31\/100|[from] item: Sitrus Berry\n|\n|upkeep\n|turn|2\n|\n|t:|1734825919\n|switch|p2a: Pelipper|Pelipper, L50, M|100\/100\n|-weather|RainDance|[from] ability: Drizzle|[of] p2a: Pelipper\n|move|p1b: The Brothers Grimm|Beat Up|p1a: King Henry VIII\n|-damage|p1a: King Henry VIII|29\/100\n|-crit|p1a: King Henry VIII\n|-damage|p1a: King Henry VIII|26\/100\n|-damage|p1a: King Henry VIII|25\/100\n|-damage|p1a: King Henry VIII|24\/100\n|-hitcount|p1a: King Henry VIII|4\n|move|p1a: King Henry VIII|Rage Fist|p2b: Archaludon\n|-ability|p2b: Archaludon|Sturdy\n|-damage|p2b: Archaludon|1\/100\n|move|p2b: Archaludon|Electro Shot||[still]\n|-prepare|p2b: Archaludon|Electro Shot\n|-boost|p2b: Archaludon|spa|1\n|-anim|p2b: Archaludon|Electro Shot|p1a: King Henry VIII\n|-damage|p1a: King Henry VIII|0 fnt\n|faint|p1a: King Henry VIII\n|\n|-weather|RainDance|[upkeep]\n|upkeep\n|\n|t:|1734825941\n|switch|p1a: George Washington|Archaludon, L50, M|100\/100\n|turn|3\n|\n|t:|1734825957\n|move|p2b: Archaludon|Protect|p2b: Archaludon\n|-singleturn|p2b: Archaludon|Protect\n|move|p2a: Pelipper|Weather Ball|p1b: The Brothers Grimm\n|-damage|p1b: The Brothers Grimm|24\/100\n|move|p1b: The Brothers Grimm|Taunt|p2a: Pelipper\n|-start|p2a: Pelipper|move: Taunt\n|move|p1a: George Washington|Snarl|p2a: Pelipper|[spread] p2a\n|-activate|p2b: Archaludon|move: Protect\n|-damage|p2a: Pelipper|79\/100\n|-unboost|p2a: Pelipper|spa|1\n|\n|-weather|RainDance|[upkeep]\n|upkeep\n|turn|4\n|inactive|Forbranna has 30 seconds left.\n|\n|t:|1734825985\n|switch|p1b: Laffayette|Pelipper, L50, M|100\/100\n|move|p2a: Pelipper|Weather Ball|p1b: Laffayette\n|-resisted|p1b: Laffayette\n|-damage|p1b: Laffayette|61\/100\n|move|p2b: Archaludon|Electro Shot||[still]\n|-prepare|p2b: Archaludon|Electro Shot\n|-boost|p2b: Archaludon|spa|1\n|-anim|p2b: Archaludon|Electro Shot|p1a: George Washington\n|-resisted|p1a: George Washington\n|-damage|p1a: George Washington|40\/100\n|-ability|p1a: George Washington|Stamina|boost\n|-boost|p1a: George Washington|def|1\n|move|p1a: George Washington|Snarl|p2b: Archaludon|[spread] p2a,p2b\n|-damage|p2a: Pelipper|56\/100\n|-damage|p2b: Archaludon|0 fnt\n|-unboost|p2a: Pelipper|spa|1\n|faint|p2b: Archaludon\n|\n|-weather|RainDance|[upkeep]\n|upkeep\n|\n|t:|1734825999\n|switch|p2b: Sneasler|Sneasler, L50, F|100\/100\n|turn|5\n|\n|t:|1734826019\n|switch|p2a: Rillaboom|Rillaboom, L50, M|100\/100\n|-fieldstart|move: Grassy Terrain|[from] ability: Grassy Surge|[of] p2a: Rillaboom\n|-enditem|p2b: Sneasler|Grassy Seed\n|-boost|p2b: Sneasler|def|1|[from] item: Grassy Seed\n|-terastallize|p1a: George Washington|Grass\n|move|p2b: Sneasler|Protect|p2b: Sneasler\n|-singleturn|p2b: Sneasler|Protect\n|move|p1b: Laffayette|Tailwind|p1b: Laffayette\n|-sidestart|p1: Forbranna|move: Tailwind\n|move|p1a: George Washington|Electro Shot||[still]\n|-prepare|p1a: George Washington|Electro Shot\n|-boost|p1a: George Washington|spa|1\n|-anim|p1a: George Washington|Electro Shot|p2b: Sneasler\n|-activate|p2b: Sneasler|move: Protect\n|\n|-weather|RainDance|[upkeep]\n|-heal|p1a: George Washington|46\/100|[from] Grassy Terrain\n|upkeep\n|turn|6\n|\n|t:|1734826044\n|switch|p1a: The Brothers Grimm|Maushold, L50|24\/100\n|move|p2a: Rillaboom|Grassy Glide|p1a: The Brothers Grimm\n|-damage|p1a: The Brothers Grimm|0 fnt\n|faint|p1a: The Brothers Grimm\n|move|p2b: Sneasler|Dire Claw|p1b: Laffayette\n|-damage|p1b: Laffayette|0 fnt\n|faint|p1b: Laffayette\n|\n|-weather|none\n|upkeep\n|-message|Forbranna forfeited.\n|\n|win|SeaWolfMikess\n|raw|Forbranna's rating: 1699 &rarr; <strong>1681<\/strong><br \/>(-18 for losing)\n|raw|SeaWolfMikess's rating: 1732 &rarr; <strong>1750<\/strong><br \/>(+18 for winning)\n|l|\u2606Forbranna\n|player|p1|\n|l|\u2606SeaWolfMikess\n|player|p2|\n","uploadtime":1734826308,"views":23,"formatid":"gen9vgc2024regh","rating":1681,"private":0,"password":null}