{"id":"gen9vgc2024regh-2267164785","format":"[Gen 9] VGC 2024 Reg H","players":["Suleyadam13","Bef6"],"log":"|j|\u2606Suleyadam13\n|j|\u2606Bef6\n|t:|1734788731\n|gametype|doubles\n|player|p1|Suleyadam13|lance|1684\n|player|p2|Bef6|lucas|1741\n|teamsize|p1|6\n|teamsize|p2|6\n|gen|9\n|tier|[Gen 9] VGC 2024 Reg H\n|rated|\n|rule|Species Clause: Limit one of each Pok\u00e9mon\n|rule|Item Clause: Limit 1 of each item\n|clearpoke\n|poke|p1|Dragonite, L50, M|\n|poke|p1|Kingambit, L50, F|\n|poke|p1|Tauros-Paldea-Aqua, L50, M|\n|poke|p1|Archaludon, L50, M|\n|poke|p1|Pelipper, L50, F|\n|poke|p1|Rillaboom, L50, M|\n|poke|p2|Archaludon, L50, M|\n|poke|p2|Pelipper, L50, F|\n|poke|p2|Annihilape, L50, F|\n|poke|p2|Grimmsnarl, L50, M|\n|poke|p2|Sinistcha, L50|\n|poke|p2|Ursaluna, L50, F|\n|teampreview|4\n|inactive|Battle timer is ON: inactive players will automatically lose when time's up. (requested by Suleyadam13)\nSuleyadam13 rejected open team sheets.\n|inactive|Bef6 has 60 seconds left.\n|\n|t:|1734788764\n|start\n|switch|p1a: Archaludon|Archaludon, L50, M|100\/100\n|switch|p1b: Tauros|Tauros-Paldea-Aqua, L50, M|100\/100\n|switch|p2a: Grimmsnarl|Grimmsnarl, L50, M|100\/100\n|switch|p2b: Archaludon|Archaludon, L50, M|100\/100\n|-ability|p1b: Tauros|Intimidate|boost\n|-unboost|p2a: Grimmsnarl|atk|1\n|-unboost|p2b: Archaludon|atk|1\n|turn|1\n|\n|t:|1734788786\n|-terastallize|p1b: Tauros|Grass\n|move|p2a: Grimmsnarl|Reflect|p2a: Grimmsnarl\n|-sidestart|p2: Bef6|Reflect\n|move|p1b: Tauros|Raging Bull|p2a: Grimmsnarl\n|-sideend|p2: Bef6|Reflect\n|-damage|p2a: Grimmsnarl|59\/100\n|move|p1a: Archaludon|Electro Shot||[still]\n|-prepare|p1a: Archaludon|Electro Shot\n|-boost|p1a: Archaludon|spa|1\n|-enditem|p1a: Archaludon|Power Herb\n|-anim|p1a: Archaludon|Electro Shot|p2a: Grimmsnarl\n|-damage|p2a: Grimmsnarl|2\/100\n|move|p2b: Archaludon|Body Press|p1b: Tauros\n|-damage|p1b: Tauros|70\/100\n|\n|upkeep\n|turn|2\n|\n|t:|1734788804\n|move|p1b: Tauros|Aqua Jet|p2a: Grimmsnarl\n|-damage|p2a: Grimmsnarl|0 fnt\n|faint|p2a: Grimmsnarl\n|move|p1a: Archaludon|Aura Sphere|p2b: Archaludon\n|-supereffective|p2b: Archaludon\n|-damage|p2b: Archaludon|46\/100\n|-ability|p2b: Archaludon|Stamina|boost\n|-boost|p2b: Archaludon|def|1\n|-enditem|p1b: Tauros|Mirror Herb\n|-boost|p1b: Tauros|def|1|[from] item: Mirror Herb\n|move|p2b: Archaludon|Snarl|p1b: Tauros|[spread] p1a,p1b\n|-damage|p1a: Archaludon|83\/100\n|-damage|p1b: Tauros|53\/100\n|-unboost|p1a: Archaludon|spa|1\n|-unboost|p1b: Tauros|spa|1\n|\n|upkeep\n|\n|t:|1734788807\n|switch|p2a: Sinistcha|Sinistcha, L50|100\/100\n|-heal|p2b: Archaludon|71\/100|[from] ability: Hospitality|[of] p2a: Sinistcha\n|turn|3\n|\n|t:|1734788830\n|-terastallize|p2b: Archaludon|Fighting\n|move|p1b: Tauros|Close Combat|p2b: Archaludon\n|-damage|p2b: Archaludon|47\/100\n|-unboost|p1b: Tauros|def|1\n|-unboost|p1b: Tauros|spd|1\n|-ability|p2b: Archaludon|Stamina|boost\n|-boost|p2b: Archaludon|def|1\n|move|p1a: Archaludon|Aura Sphere|p2b: Archaludon\n|-damage|p2b: Archaludon|28\/100\n|-ability|p2b: Archaludon|Stamina|boost\n|-boost|p2b: Archaludon|def|1\n|move|p2b: Archaludon|Body Press|p1a: Archaludon\n|-supereffective|p1a: Archaludon\n|-crit|p1a: Archaludon\n|-damage|p1a: Archaludon|0 fnt\n|faint|p1a: Archaludon\n|move|p2a: Sinistcha|Trick Room|p2a: Sinistcha\n|-fieldstart|move: Trick Room|[of] p2a: Sinistcha\n|\n|upkeep\n|\n|t:|1734788849\n|switch|p1a: Rillaboom|Rillaboom, L50, M|100\/100\n|-fieldstart|move: Grassy Terrain|[from] ability: Grassy Surge|[of] p1a: Rillaboom\n|turn|4\n|\n|t:|1734788859\n|switch|p1b: Kingambit|Kingambit, L50, F|100\/100\n|move|p2a: Sinistcha|Life Dew||[still]|[spread] p2a,p2b\n|-fail|p2a: Sinistcha|heal\n|-heal|p2b: Archaludon|53\/100\n|move|p2b: Archaludon|Body Press|p1a: Rillaboom\n|-crit|p1a: Rillaboom\n|-damage|p1a: Rillaboom|0 fnt\n|faint|p1a: Rillaboom\n|\n|-heal|p2b: Archaludon|59\/100|[from] Grassy Terrain\n|upkeep\n|\n|t:|1734788869\n|switch|p1a: Tauros|Tauros-Paldea-Aqua, L50, M, tera:Grass|53\/100\n|-ability|p1a: Tauros|Intimidate|boost\n|-unboost|p2a: Sinistcha|atk|1\n|-unboost|p2b: Archaludon|atk|1\n|turn|5\n|\n|t:|1734788884\n|move|p2a: Sinistcha|Life Dew||[still]|[spread] p2a,p2b\n|-fail|p2a: Sinistcha|heal\n|-heal|p2b: Archaludon|84\/100\n|move|p1b: Kingambit|Iron Head|p2b: Archaludon\n|-damage|p2b: Archaludon|70\/100\n|-ability|p2b: Archaludon|Stamina|boost\n|-boost|p2b: Archaludon|def|1\n|move|p2b: Archaludon|Body Press|p1a: Tauros\n|-damage|p1a: Tauros|0 fnt\n|faint|p1a: Tauros\n|\n|-heal|p2b: Archaludon|77\/100|[from] Grassy Terrain\n|upkeep\n|turn|6\n|\n|t:|1734788893\n|move|p2a: Sinistcha|Life Dew||[still]|[spread] p2a,p2b\n|-fail|p2a: Sinistcha|heal\n|-heal|p2b: Archaludon|100\/100\n|move|p1b: Kingambit|Iron Head|p2b: Archaludon\n|-damage|p2b: Archaludon|90\/100\n|-ability|p2b: Archaludon|Stamina|boost\n|-boost|p2b: Archaludon|def|1\n|cant|p2b: Archaludon|flinch\n|\n|-heal|p2b: Archaludon|96\/100|[from] Grassy Terrain\n|upkeep\n|turn|7\n|-message|Suleyadam13 forfeited.\n|\n|win|Bef6\n|raw|Suleyadam13's rating: 1684 &rarr; <strong>1667<\/strong><br \/>(-17 for losing)\n|raw|Bef6's rating: 1741 &rarr; <strong>1758<\/strong><br \/>(+17 for winning)\n|l|\u2606Suleyadam13\n|player|p1|\n|l|\u2606Bef6\n|player|p2|\n","uploadtime":1734789042,"views":21,"formatid":"gen9vgc2024regh","rating":1667,"private":0,"password":null}