{"id":"gen9vgc2024regh-2269998723","format":"[Gen 9] VGC 2024 Reg H","players":["Yupitsme","Bef6"],"log":"|j|\u2606Yupitsme\n|j|\u2606Bef6\n|t:|1735237676\n|gametype|doubles\n|player|p1|Yupitsme|102|1696\n|player|p2|Bef6|lucas|1746\n|teamsize|p1|6\n|teamsize|p2|6\n|gen|9\n|tier|[Gen 9] VGC 2024 Reg H\n|rated|\n|rule|Species Clause: Limit one of each Pok\u00e9mon\n|rule|Item Clause: Limit 1 of each item\n|clearpoke\n|poke|p1|Dragapult, L50, M|\n|poke|p1|Torkoal, L50, M|\n|poke|p1|Indeedee-F, L50, F|\n|poke|p1|Hatterene, L50, F|\n|poke|p1|Pawmot, L50, M|\n|poke|p1|Chandelure, L50, M|\n|poke|p2|Archaludon, L50, F|\n|poke|p2|Pelipper, L50, M|\n|poke|p2|Annihilape, L50, F|\n|poke|p2|Grimmsnarl, L50, M|\n|poke|p2|Sinistcha, L50|\n|poke|p2|Ursaluna, L50, F|\n|teampreview|4\n|\n|t:|1735237735\n|start\n|switch|p1a: Dragapult|Dragapult, L50, M|100\/100\n|switch|p1b: Pawmot|Pawmot, L50, M|100\/100\n|switch|p2a: Grimmsnarl|Grimmsnarl, L50, M|100\/100\n|switch|p2b: Ursaluna|Ursaluna, L50, F|100\/100\n|turn|1\n|\n|t:|1735237777\n|move|p2b: Ursaluna|Protect|p2b: Ursaluna\n|-singleturn|p2b: Ursaluna|Protect\n|move|p1b: Pawmot|Fake Out|p2a: Grimmsnarl\n|-damage|p2a: Grimmsnarl|86\/100\n|cant|p2a: Grimmsnarl|flinch\n|move|p1a: Dragapult|U-turn|p2a: Grimmsnarl\n|-damage|p2a: Grimmsnarl|49\/100\n|\n|t:|1735237792\n|switch|p1a: Chandelure|Chandelure, L50, M|100\/100|[from] U-turn\n|\n|-status|p2b: Ursaluna|brn|[from] item: Flame Orb\n|upkeep\n|turn|2\n|\n|t:|1735237820\n|switch|p2b: Sinistcha|Sinistcha, L50|100\/100\n|-heal|p2a: Grimmsnarl|74\/100|[from] ability: Hospitality|[of] p2b: Sinistcha\n|-terastallize|p1a: Chandelure|Fire\n|move|p2a: Grimmsnarl|Light Screen|p2a: Grimmsnarl\n|-sidestart|p2: Bef6|move: Light Screen\n|move|p1a: Chandelure|Flamethrower|p2b: Sinistcha\n|-supereffective|p2b: Sinistcha\n|-damage|p2b: Sinistcha|12\/100\n|-enditem|p2b: Sinistcha|Sitrus Berry|[eat]\n|-heal|p2b: Sinistcha|37\/100|[from] item: Sitrus Berry\n|move|p1b: Pawmot|Close Combat|p2b: Sinistcha\n|-immune|p2b: Sinistcha\n|\n|upkeep\n|turn|3\n|\n|t:|1735237858\n|switch|p2b: Pelipper|Pelipper, L50, M|100\/100\n|-weather|RainDance|[from] ability: Drizzle|[of] p2b: Pelipper\n|move|p2a: Grimmsnarl|Reflect|p2a: Grimmsnarl\n|-sidestart|p2: Bef6|Reflect\n|move|p1a: Chandelure|Flamethrower|p2b: Pelipper\n|-resisted|p2b: Pelipper\n|-damage|p2b: Pelipper|81\/100\n|move|p1b: Pawmot|Double Shock|p2a: Grimmsnarl\n|-damage|p2a: Grimmsnarl|38\/100\n|-start|p1b: Pawmot|typechange|???\/Fighting|[from] move: Double Shock\n|\n|-weather|RainDance|[upkeep]\n|upkeep\n|turn|4\n|\n|t:|1735237878\n|switch|p1b: Torkoal|Torkoal, L50, M|100\/100\n|-weather|SunnyDay|[from] ability: Drought|[of] p1b: Torkoal\n|move|p2a: Grimmsnarl|Parting Shot|p1a: Chandelure\n|-unboost|p1a: Chandelure|atk|1\n|-unboost|p1a: Chandelure|spa|1\n|\n|t:|1735237881\n|switch|p2a: Sinistcha|Sinistcha, L50|37\/100|[from] Parting Shot\n|-heal|p2b: Pelipper|100\/100|[from] ability: Hospitality|[of] p2a: Sinistcha\n|move|p1a: Chandelure|Flamethrower|p2a: Sinistcha\n|-supereffective|p2a: Sinistcha\n|-damage|p2a: Sinistcha|0 fnt\n|faint|p2a: Sinistcha\n|move|p2b: Pelipper|Tailwind|p2b: Pelipper\n|-sidestart|p2: Bef6|move: Tailwind\n|\n|-weather|SunnyDay|[upkeep]\n|upkeep\n|\n|t:|1735237883\n|switch|p2a: Ursaluna|Ursaluna, L50, F|100\/100 brn\n|turn|5\n|\n|t:|1735237930\n|move|p1b: Torkoal|Protect|p1b: Torkoal\n|-singleturn|p1b: Torkoal|Protect\n|move|p2b: Pelipper|Weather Ball|p1b: Torkoal\n|-activate|p1b: Torkoal|move: Protect\n|move|p1a: Chandelure|Flamethrower|p2b: Pelipper\n|-resisted|p2b: Pelipper\n|-damage|p2b: Pelipper|53\/100\n|-status|p2b: Pelipper|brn\n|move|p2a: Ursaluna|Earthquake|p1b: Torkoal|[spread] p1a\n|-activate|p1b: Torkoal|move: Protect\n|-immune|p2b: Pelipper\n|-supereffective|p1a: Chandelure\n|-damage|p1a: Chandelure|0 fnt\n|faint|p1a: Chandelure\n|\n|-weather|SunnyDay|[upkeep]\n|-damage|p2b: Pelipper|47\/100 brn|[from] brn\n|-damage|p2a: Ursaluna|95\/100 brn|[from] brn\n|upkeep\n|\n|t:|1735237967\n|switch|p1a: Pawmot|Pawmot, L50, M|100\/100\n|turn|6\n|inactive|Battle timer is ON: inactive players will automatically lose when time's up. (requested by Bef6)\n|\n|t:|1735237998\n|-terastallize|p2a: Ursaluna|Ghost\n|move|p1a: Pawmot|Fake Out|p2b: Pelipper\n|-damage|p2b: Pelipper|36\/100 brn\n|cant|p2b: Pelipper|flinch\n|move|p2a: Ursaluna|Earthquake|p1a: Pawmot|[spread] p1a,p1b\n|-immune|p2b: Pelipper\n|-supereffective|p1a: Pawmot\n|-supereffective|p1b: Torkoal\n|-enditem|p1a: Pawmot|Focus Sash\n|-damage|p1a: Pawmot|1\/100\n|-damage|p1b: Torkoal|4\/100\n|move|p1b: Torkoal|Weather Ball|p2a: Ursaluna\n|-damage|p2a: Ursaluna|49\/100 brn\n|\n|-weather|SunnyDay|[upkeep]\n|-damage|p2b: Pelipper|30\/100 brn|[from] brn\n|-damage|p2a: Ursaluna|44\/100 brn|[from] brn\n|upkeep\n|turn|7\n|inactive|Yupitsme has 30 seconds left.\n|inactive|Bef6 has 30 seconds left.\n|\n|t:|1735238030\n|switch|p2b: Grimmsnarl|Grimmsnarl, L50, M|38\/100\n|move|p1b: Torkoal|Protect|p1b: Torkoal\n|-singleturn|p1b: Torkoal|Protect\n|move|p2a: Ursaluna|Facade|p1b: Torkoal\n|-activate|p1b: Torkoal|move: Protect\n|move|p1a: Pawmot|Revival Blessing|p1a: Pawmot\n|\n|t:|1735238043\n|-heal|p1: Chandelure|50\/100|[from] move: Revival Blessing\n|\n|-weather|SunnyDay|[upkeep]\n|-damage|p2a: Ursaluna|38\/100 brn|[from] brn\n|-sideend|p2: Bef6|move: Tailwind\n|upkeep\n|turn|8\n|\n|t:|1735238066\n|move|p2b: Grimmsnarl|Parting Shot|p1a: Pawmot\n|-unboost|p1a: Pawmot|atk|1\n|-unboost|p1a: Pawmot|spa|1\n|\n|t:|1735238070\n|switch|p2b: Pelipper|Pelipper, L50, M|30\/100 brn|[from] Parting Shot\n|-weather|RainDance|[from] ability: Drizzle|[of] p2b: Pelipper\n|move|p1a: Pawmot|Close Combat|p2b: Pelipper\n|-resisted|p2b: Pelipper\n|-damage|p2b: Pelipper|12\/100 brn\n|-unboost|p1a: Pawmot|def|1\n|-unboost|p1a: Pawmot|spd|1\n|move|p2a: Ursaluna|Earthquake|p1a: Pawmot|[spread] p1a,p1b\n|-immune|p2b: Pelipper\n|-supereffective|p1a: Pawmot\n|-supereffective|p1b: Torkoal\n|-damage|p1a: Pawmot|0 fnt\n|-damage|p1b: Torkoal|0 fnt\n|faint|p1a: Pawmot\n|faint|p1b: Torkoal\n|\n|-weather|RainDance|[upkeep]\n|-damage|p2b: Pelipper|6\/100 brn|[from] brn\n|-damage|p2a: Ursaluna|32\/100 brn|[from] brn\n|upkeep\n|\n|t:|1735238089\n|switch|p1a: Dragapult|Dragapult, L50, M|100\/100\n|switch|p1b: Chandelure|Chandelure, L50, M|50\/100\n|turn|9\n|inactive|Yupitsme has 30 seconds left.\n|\n|t:|1735238116\n|move|p2a: Ursaluna|Protect|p2a: Ursaluna\n|-singleturn|p2a: Ursaluna|Protect\n|move|p1b: Chandelure|Shadow Ball|p2a: Ursaluna\n|-activate|p2a: Ursaluna|move: Protect\n|move|p1a: Dragapult|U-turn|p2b: Pelipper\n|-resisted|p2b: Pelipper\n|-damage|p2b: Pelipper|0 fnt\n|faint|p2b: Pelipper\n|\n|-weather|RainDance|[upkeep]\n|-damage|p2a: Ursaluna|26\/100 brn|[from] brn\n|-sideend|p2: Bef6|move: Light Screen\n|upkeep\n|\n|t:|1735238121\n|switch|p2b: Grimmsnarl|Grimmsnarl, L50, M|38\/100\n|turn|10\n|\n|t:|1735238134\n|move|p2a: Ursaluna|Protect|p2a: Ursaluna\n|-singleturn|p2a: Ursaluna|Protect\n|move|p1b: Chandelure|Shadow Ball|p2a: Ursaluna\n|-activate|p2a: Ursaluna|move: Protect\n|move|p1a: Dragapult|U-turn|p2b: Grimmsnarl\n|-damage|p2b: Grimmsnarl|12\/100\n|move|p2b: Grimmsnarl|Spirit Break|p1b: Chandelure\n|-resisted|p1b: Chandelure\n|-damage|p1b: Chandelure|30\/100\n|-unboost|p1b: Chandelure|spa|1\n|\n|-weather|RainDance|[upkeep]\n|-damage|p2a: Ursaluna|20\/100 brn|[from] brn\n|-sideend|p2: Bef6|Reflect\n|upkeep\n|turn|11\n|-message|Bef6 forfeited.\n|\n|win|Yupitsme\n|raw|Yupitsme's rating: 1696 &rarr; <strong>1719<\/strong><br \/>(+23 for winning)\n|raw|Bef6's rating: 1746 &rarr; <strong>1723<\/strong><br \/>(-23 for losing)\n|l|\u2606Bef6\n|player|p2|\n|l|\u2606Yupitsme\n|player|p1|\n","uploadtime":1735238389,"views":16,"formatid":"gen9vgc2024regh","rating":1719,"private":0,"password":null}