{"id":"gen9vgc2024regh-2270903715","format":"[Gen 9] VGC 2024 Reg H","players":["Mobile-NWNCC","emu2567"],"log":"|j|\u2606Mobile-NWNCC\n|j|\u2606emu2567\n|t:|1735380216\n|gametype|doubles\n|player|p1|Mobile-NWNCC|169|1660\n|player|p2|emu2567|acetrainerf|1697\n|teamsize|p1|6\n|teamsize|p2|6\n|gen|9\n|tier|[Gen 9] VGC 2024 Reg H\n|rated|\n|rule|Species Clause: Limit one of each Pok\u00e9mon\n|rule|Item Clause: Limit 1 of each item\n|clearpoke\n|poke|p1|Tyranitar, L50, M|\n|poke|p1|Excadrill, L50, M|\n|poke|p1|Sneasler, L50, M|\n|poke|p1|Rillaboom, L50, M|\n|poke|p1|Primarina, L50, M|\n|poke|p1|Volcarona, L50, M|\n|poke|p2|Gastrodon, L50, M|\n|poke|p2|Farigiraf, L50, F|\n|poke|p2|Grimmsnarl, L50, M|\n|poke|p2|Annihilape, L50, M|\n|poke|p2|Incineroar, L50, M|\n|poke|p2|Ursaluna-Bloodmoon, L50, M|\n|teampreview|4\n|\n|t:|1735380237\n|start\n|switch|p1a: Excadrill|Excadrill, L50, M|100\/100\n|switch|p1b: Tyranitar|Tyranitar, L50, M|100\/100\n|switch|p2a: Farigiraf|Farigiraf, L50, F|100\/100\n|switch|p2b: Incineroar|Incineroar, L50, M|100\/100\n|-weather|Sandstorm|[from] ability: Sand Stream|[of] p1b: Tyranitar\n|turn|1\n|\n|t:|1735380255\n|move|p2b: Incineroar|Fake Out|p1b: Tyranitar\n|-resisted|p1b: Tyranitar\n|-damage|p1b: Tyranitar|95\/100\n|move|p1a: Excadrill|Rock Slide|p2b: Incineroar|[spread] p2a,p2b\n|-supereffective|p2b: Incineroar\n|-damage|p2a: Farigiraf|84\/100\n|-damage|p2b: Incineroar|59\/100\n|-enditem|p2b: Incineroar|Weakness Policy\n|-boost|p2b: Incineroar|atk|2|[from] item: Weakness Policy\n|-boost|p2b: Incineroar|spa|2|[from] item: Weakness Policy\n|cant|p1b: Tyranitar|flinch\n|cant|p2a: Farigiraf|flinch\n|\n|-weather|Sandstorm|[upkeep]\n|-damage|p2b: Incineroar|53\/100|[from] Sandstorm\n|-damage|p2a: Farigiraf|78\/100|[from] Sandstorm\n|upkeep\n|turn|2\n|\n|t:|1735380282\n|-terastallize|p1a: Excadrill|Stellar\n|-terastallize|p2a: Farigiraf|Water\n|move|p1a: Excadrill|High Horsepower|p2b: Incineroar\n|-supereffective|p2b: Incineroar\n|-damage|p2b: Incineroar|0 fnt\n|faint|p2b: Incineroar\n|move|p1b: Tyranitar|Knock Off|p2a: Farigiraf\n|-damage|p2a: Farigiraf|2\/100\n|-enditem|p2a: Farigiraf|Mental Herb|[from] move: Knock Off|[of] p1b: Tyranitar\n|move|p2a: Farigiraf|Trick Room|p2a: Farigiraf\n|-fieldstart|move: Trick Room|[of] p2a: Farigiraf\n|\n|-weather|Sandstorm|[upkeep]\n|-damage|p2a: Farigiraf|0 fnt|[from] Sandstorm\n|faint|p2a: Farigiraf\n|upkeep\n|\n|t:|1735380299\n|switch|p2a: Annihilape|Annihilape, L50, M|100\/100\n|switch|p2b: Ursaluna|Ursaluna-Bloodmoon, L50, M|100\/100\n|turn|3\n|\n|t:|1735380313\n|move|p1a: Excadrill|Protect|p1a: Excadrill\n|-singleturn|p1a: Excadrill|Protect\n|move|p2b: Ursaluna|Hyper Voice|p1b: Tyranitar|[spread] p1b\n|-activate|p1a: Excadrill|move: Protect\n|-resisted|p1b: Tyranitar\n|-damage|p1b: Tyranitar|77\/100\n|move|p1b: Tyranitar|Knock Off|p2a: Annihilape\n|-damage|p2a: Annihilape|9\/100\n|-enditem|p2a: Annihilape|Safety Goggles|[from] move: Knock Off|[of] p1b: Tyranitar\n|move|p2a: Annihilape|Drain Punch|p1b: Tyranitar\n|-supereffective|p1b: Tyranitar\n|-damage|p1b: Tyranitar|0 fnt\n|-heal|p2a: Annihilape|46\/100|[from] drain|[of] p1b: Tyranitar\n|faint|p1b: Tyranitar\n|\n|-weather|Sandstorm|[upkeep]\n|-damage|p2a: Annihilape|40\/100|[from] Sandstorm\n|upkeep\n|\n|t:|1735380327\n|switch|p1b: Rillaboom|Rillaboom, L50, M|100\/100\n|-fieldstart|move: Grassy Terrain|[from] ability: Grassy Surge|[of] p1b: Rillaboom\n|turn|4\n|\n|t:|1735380338\n|move|p2b: Ursaluna|Hyper Voice|p1b: Rillaboom|[spread] p1a,p1b\n|-resisted|p1a: Excadrill\n|-damage|p1a: Excadrill|63\/100\n|-damage|p1b: Rillaboom|58\/100\n|move|p2a: Annihilape|Drain Punch|p1a: Excadrill\n|-supereffective|p1a: Excadrill\n|-damage|p1a: Excadrill|0 fnt\n|-heal|p2a: Annihilape|67\/100|[from] drain|[of] p1a: Excadrill\n|faint|p1a: Excadrill\n|move|p1b: Rillaboom|Wood Hammer|p2a: Annihilape\n|-damage|p2a: Annihilape|0 fnt\n|faint|p2a: Annihilape\n|-damage|p1b: Rillaboom|35\/100|[from] Recoil\n|\n|-weather|Sandstorm|[upkeep]\n|-damage|p1b: Rillaboom|29\/100|[from] Sandstorm\n|-heal|p1b: Rillaboom|35\/100|[from] Grassy Terrain\n|upkeep\n|\n|t:|1735380348\n|switch|p1a: Volcarona|Volcarona, L50, M|100\/100\n|turn|5\n|\n|t:|1735380368\n|move|p1b: Rillaboom|Grassy Glide|p2b: Ursaluna\n|-supereffective|p2b: Ursaluna\n|-damage|p2b: Ursaluna|39\/100\n|move|p2b: Ursaluna|Hyper Voice|p1b: Rillaboom|[spread] p1a,p1b\n|-crit|p1a: Volcarona\n|-damage|p1a: Volcarona|17\/100\n|-damage|p1b: Rillaboom|0 fnt\n|faint|p1b: Rillaboom\n|move|p1a: Volcarona|Quiver Dance|p1a: Volcarona\n|-boost|p1a: Volcarona|spa|1\n|-boost|p1a: Volcarona|spd|1\n|-boost|p1a: Volcarona|spe|1\n|\n|-weather|none\n|-heal|p2b: Ursaluna|45\/100|[from] Grassy Terrain\n|-heal|p1a: Volcarona|23\/100|[from] Grassy Terrain\n|upkeep\n|turn|6\n|inactive|Battle timer is ON: inactive players will automatically lose when time's up. (requested by Mobile-NWNCC)\n|\n|t:|1735380413\n|move|p1a: Volcarona|Protect|p1a: Volcarona\n|-singleturn|p1a: Volcarona|Protect\n|move|p2b: Ursaluna|Hyper Voice|p1a: Volcarona\n|-activate|p1a: Volcarona|move: Protect\n|\n|-heal|p2b: Ursaluna|51\/100|[from] Grassy Terrain\n|-heal|p1a: Volcarona|30\/100|[from] Grassy Terrain\n|-fieldend|move: Trick Room\n|upkeep\n|turn|7\n|\n|t:|1735380423\n|move|p1a: Volcarona|Giga Drain|p2b: Ursaluna\n|-supereffective|p2b: Ursaluna\n|-damage|p2b: Ursaluna|0 fnt\n|-heal|p1a: Volcarona|56\/100|[from] drain|[of] p2b: Ursaluna\n|faint|p2b: Ursaluna\n|\n|win|Mobile-NWNCC\n|raw|Mobile-NWNCC's rating: 1660 &rarr; <strong>1682<\/strong><br \/>(+22 for winning)\n|raw|emu2567's rating: 1697 &rarr; <strong>1675<\/strong><br \/>(-22 for losing)\n|l|\u2606emu2567\n|player|p2|\n","uploadtime":1735380650,"views":125,"formatid":"gen9vgc2024regh","rating":1675,"private":0,"password":null}