{"id":"gen9vgc2024regh-2270940562","format":"[Gen 9] VGC 2024 Reg H","players":["Bef6","Luca8"],"log":"|j|\u2606Bef6\n|j|\u2606Luca8\n|t:|1735388345\n|gametype|doubles\n|player|p1|Bef6|lucas|1811\n|player|p2|Luca8|flint|1656\n|teamsize|p1|6\n|teamsize|p2|6\n|gen|9\n|tier|[Gen 9] VGC 2024 Reg H\n|rated|\n|rule|Species Clause: Limit one of each Pok\u00e9mon\n|rule|Item Clause: Limit 1 of each item\n|clearpoke\n|poke|p1|Archaludon, L50, M|\n|poke|p1|Pelipper, L50, F|\n|poke|p1|Annihilape, L50, M|\n|poke|p1|Grimmsnarl, L50, M|\n|poke|p1|Sinistcha, L50|\n|poke|p1|Ursaluna, L50, M|\n|poke|p2|Archaludon, L50, M|\n|poke|p2|Sneasler, L50, F|\n|poke|p2|Indeedee, L50, M|\n|poke|p2|Murkrow, L50, M|\n|poke|p2|Torkoal, L50, F|\n|poke|p2|Ursaluna-Bloodmoon, L50, M|\n|teampreview|4\n|\n|t:|1735388362\n|start\n|switch|p1a: Pelipper|Pelipper, L50, F|100\/100\n|switch|p1b: Grimmsnarl|Grimmsnarl, L50, M|100\/100\n|switch|p2a: Sneasler|Sneasler, L50, F|100\/100\n|switch|p2b: Indeedee|Indeedee, L50, M|100\/100\n|-weather|RainDance|[from] ability: Drizzle|[of] p1a: Pelipper\n|-fieldstart|move: Psychic Terrain|[from] ability: Psychic Surge|[of] p2b: Indeedee\n|-enditem|p2a: Sneasler|Psychic Seed\n|-boost|p2a: Sneasler|spd|1|[from] item: Psychic Seed\n|turn|1\n|\n|t:|1735388383\n|switch|p1a: Archaludon|Archaludon, L50, M|100\/100\n|move|p1b: Grimmsnarl|Reflect|p1b: Grimmsnarl\n|-sidestart|p1: Bef6|Reflect\n|move|p2a: Sneasler|Dire Claw|p1b: Grimmsnarl\n|-supereffective|p1b: Grimmsnarl\n|-damage|p1b: Grimmsnarl|36\/100\n|-status|p1b: Grimmsnarl|par\n|move|p2b: Indeedee|Expanding Force|p1a: Archaludon|[spread] p1a\n|-immune|p1b: Grimmsnarl\n|-resisted|p1a: Archaludon\n|-damage|p1a: Archaludon|79\/100\n|-ability|p1a: Archaludon|Stamina|boost\n|-boost|p1a: Archaludon|def|1\n|\n|-weather|RainDance|[upkeep]\n|upkeep\n|turn|2\n|j| Manu016\n|\n|t:|1735388412\n|-terastallize|p2b: Indeedee|Fighting\n|cant|p1b: Grimmsnarl|par\n|move|p2a: Sneasler|Dire Claw|p1b: Grimmsnarl\n|-supereffective|p1b: Grimmsnarl\n|-damage|p1b: Grimmsnarl|0 fnt\n|faint|p1b: Grimmsnarl\n|move|p2b: Indeedee|Tera Blast|p1a: Archaludon|[anim] Tera Blast Fighting\n|-supereffective|p1a: Archaludon\n|-damage|p1a: Archaludon|20\/100\n|-ability|p1a: Archaludon|Stamina|boost\n|-boost|p1a: Archaludon|def|1\n|move|p1a: Archaludon|Snarl|p2b: Indeedee|[spread] p2a,p2b\n|-resisted|p2a: Sneasler\n|-resisted|p2b: Indeedee\n|-damage|p2a: Sneasler|96\/100\n|-damage|p2b: Indeedee|94\/100\n|-unboost|p2a: Sneasler|spa|1\n|-unboost|p2b: Indeedee|spa|1\n|\n|-weather|RainDance|[upkeep]\n|upkeep\n|\n|t:|1735388418\n|switch|p1b: Sinistcha|Sinistcha, L50|100\/100\n|-heal|p1a: Archaludon|45\/100|[from] ability: Hospitality|[of] p1b: Sinistcha\n|turn|3\n|\n|t:|1735388471\n|switch|p1b: Pelipper|Pelipper, L50, F|100\/100\n|move|p2a: Sneasler|Dire Claw|p1a: Archaludon\n|-immune|p1a: Archaludon\n|move|p2b: Indeedee|Expanding Force|p1a: Archaludon|[spread] p1a,p1b\n|-resisted|p1a: Archaludon\n|-damage|p1a: Archaludon|31\/100\n|-damage|p1b: Pelipper|23\/100\n|-ability|p1a: Archaludon|Stamina|boost\n|-boost|p1a: Archaludon|def|1\n|move|p1a: Archaludon|Electro Shot||[still]\n|-prepare|p1a: Archaludon|Electro Shot\n|-boost|p1a: Archaludon|spa|1\n|-anim|p1a: Archaludon|Electro Shot|p2b: Indeedee\n|-damage|p2b: Indeedee|27\/100\n|\n|-weather|RainDance|[upkeep]\n|upkeep\n|turn|4\n|\n|t:|1735388498\n|switch|p1b: Sinistcha|Sinistcha, L50|100\/100\n|-heal|p1a: Archaludon|56\/100|[from] ability: Hospitality|[of] p1b: Sinistcha\n|move|p2a: Sneasler|Close Combat|p1a: Archaludon\n|-supereffective|p1a: Archaludon\n|-damage|p1a: Archaludon|33\/100\n|-unboost|p2a: Sneasler|def|1\n|-unboost|p2a: Sneasler|spd|1\n|-ability|p1a: Archaludon|Stamina|boost\n|-boost|p1a: Archaludon|def|1\n|move|p2b: Indeedee|Shadow Ball|p1b: Sinistcha\n|-supereffective|p1b: Sinistcha\n|-damage|p1b: Sinistcha|65\/100\n|-unboost|p1b: Sinistcha|spd|1\n|move|p1a: Archaludon|Electro Shot||[still]\n|-prepare|p1a: Archaludon|Electro Shot\n|-boost|p1a: Archaludon|spa|1\n|-anim|p1a: Archaludon|Electro Shot|p2b: Indeedee\n|-damage|p2b: Indeedee|0 fnt\n|faint|p2b: Indeedee\n|\n|-weather|RainDance|[upkeep]\n|upkeep\n|\n|t:|1735388524\n|switch|p2b: Archaludon|Archaludon, L50, M|100\/100\n|turn|5\n|\n|t:|1735388535\n|switch|p1a: Pelipper|Pelipper, L50, F|23\/100\n|move|p2a: Sneasler|Dire Claw|p1b: Sinistcha\n|-damage|p1b: Sinistcha|39\/100\n|-enditem|p1b: Sinistcha|Sitrus Berry|[eat]\n|-heal|p1b: Sinistcha|64\/100|[from] item: Sitrus Berry\n|move|p2b: Archaludon|Snarl|p1b: Sinistcha|[spread] p1a,p1b\n|-supereffective|p1b: Sinistcha\n|-damage|p1a: Pelipper|3\/100\n|-damage|p1b: Sinistcha|32\/100\n|-unboost|p1a: Pelipper|spa|1\n|-unboost|p1b: Sinistcha|spa|1\n|move|p1b: Sinistcha|Trick Room|p1b: Sinistcha\n|-fieldstart|move: Trick Room|[of] p1b: Sinistcha\n|\n|-weather|none\n|-fieldend|move: Psychic Terrain\n|upkeep\n|turn|6\n|\n|t:|1735388562\n|switch|p1b: Archaludon|Archaludon, L50, M|33\/100\n|move|p2b: Archaludon|Electro Shot||[still]\n|-prepare|p2b: Archaludon|Electro Shot\n|-boost|p2b: Archaludon|spa|1\n|-enditem|p2b: Archaludon|Power Herb\n|-anim|p2b: Archaludon|Electro Shot|p1a: Pelipper\n|-supereffective|p1a: Pelipper\n|-damage|p1a: Pelipper|0 fnt\n|faint|p1a: Pelipper\n|move|p2a: Sneasler|Dire Claw|p1b: Archaludon\n|-immune|p1b: Archaludon\n|\n|upkeep\n|\n|t:|1735388569\n|switch|p1a: Sinistcha|Sinistcha, L50|32\/100\n|-heal|p1b: Archaludon|58\/100|[from] ability: Hospitality|[of] p1a: Sinistcha\n|turn|7\n|\n|t:|1735388586\n|-terastallize|p1b: Archaludon|Fighting\n|move|p1a: Sinistcha|Life Dew|p1a: Sinistcha|[spread] p1a,p1b\n|-heal|p1a: Sinistcha|57\/100\n|-heal|p1b: Archaludon|83\/100\n|move|p2b: Archaludon|Dragon Pulse|p1a: Sinistcha\n|-damage|p1a: Sinistcha|13\/100\n|move|p1b: Archaludon|Snarl|p2b: Archaludon|[spread] p2a,p2b\n|-resisted|p2a: Sneasler\n|-damage|p2a: Sneasler|89\/100\n|-damage|p2b: Archaludon|90\/100\n|-unboost|p2a: Sneasler|spa|1\n|-unboost|p2b: Archaludon|spa|1\n|-ability|p2b: Archaludon|Stamina|boost\n|-boost|p2b: Archaludon|def|1\n|move|p2a: Sneasler|Dire Claw|p1a: Sinistcha\n|-damage|p1a: Sinistcha|0 fnt\n|faint|p1a: Sinistcha\n|\n|upkeep\n|turn|8\n|-message|Bef6 forfeited.\n|\n|win|Luca8\n|raw|Bef6's rating: 1811 &rarr; <strong>1783<\/strong><br \/>(-28 for losing)\n|raw|Luca8's rating: 1656 &rarr; <strong>1684<\/strong><br \/>(+28 for winning)\n|l|\u2606Bef6\n|player|p1|\n|l| Manu016\n|l|\u2606Luca8\n|player|p2|\n","uploadtime":1735388807,"views":60,"formatid":"gen9vgc2024regh","rating":1684,"private":0,"password":null}