{"id":"gen9vgc2024regh-2270577557","format":"[Gen 9] VGC 2024 Reg H","players":["caZISA","NewBalance"],"log":"|j|\u2606caZISA\n|j|\u2606NewBalance\n|t:|1735327762\n|gametype|doubles\n|player|p1|caZISA|red|1653\n|player|p2|NewBalance|265|1686\n|teamsize|p1|6\n|teamsize|p2|6\n|gen|9\n|tier|[Gen 9] VGC 2024 Reg H\n|rated|\n|rule|Species Clause: Limit one of each Pok\u00e9mon\n|rule|Item Clause: Limit 1 of each item\n|clearpoke\n|poke|p1|Kommo-o, L50, F|\n|poke|p1|Tyranitar, L50, M|\n|poke|p1|Rillaboom, L50, F|\n|poke|p1|Volcarona, L50, M|\n|poke|p1|Primarina, L50, M|\n|poke|p1|Excadrill, L50, M|\n|poke|p2|Hatterene, L50, F|\n|poke|p2|Indeedee-F, L50, F|\n|poke|p2|Torkoal, L50, F|\n|poke|p2|Ursaluna, L50, F|\n|poke|p2|Rillaboom, L50, M|\n|poke|p2|Crabominable, L50, M|\n|teampreview|4\n|inactive|Battle timer is ON: inactive players will automatically lose when time's up. (requested by caZISA)\n|inactive|NewBalance has 60 seconds left.\n|\n|t:|1735327814\n|start\n|switch|p1a: Primarina|Primarina, L50, M|100\/100\n|switch|p1b: Volcarona|Volcarona, L50, M|100\/100\n|switch|p2a: Indeedee|Indeedee-F, L50, F|100\/100\n|switch|p2b: Hatterene|Hatterene, L50, F|100\/100\n|-fieldstart|move: Psychic Terrain|[from] ability: Psychic Surge|[of] p2a: Indeedee\n|turn|1\n|\n|t:|1735327823\n|move|p1b: Volcarona|Struggle Bug|p2a: Indeedee|[spread] p2a,p2b\n|-supereffective|p2a: Indeedee\n|-damage|p2a: Indeedee|73\/100\n|-damage|p2b: Hatterene|83\/100\n|-unboost|p2a: Indeedee|spa|1\n|-unboost|p2b: Hatterene|spa|1\n|move|p1a: Primarina|Hyper Voice|p2b: Hatterene|[spread] p2a,p2b\n|-damage|p2a: Indeedee|48\/100\n|-damage|p2b: Hatterene|43\/100\n|move|p2b: Hatterene|Expanding Force|p1b: Volcarona|[spread] p1a,p1b\n|-damage|p1a: Primarina|51\/100\n|-damage|p1b: Volcarona|48\/100\n|-damage|p2b: Hatterene|33\/100|[from] item: Life Orb\n|move|p2a: Indeedee|Trick Room|p2a: Indeedee\n|-fieldstart|move: Trick Room|[of] p2a: Indeedee\n|\n|upkeep\n|turn|2\n|\n|t:|1735327838\n|switch|p1b: Rillaboom|Rillaboom, L50, F|100\/100\n|-fieldstart|move: Grassy Terrain|[from] ability: Grassy Surge|[of] p1b: Rillaboom\n|move|p2a: Indeedee|Helping Hand|p2b: Hatterene\n|-singleturn|p2b: Hatterene|Helping Hand|[of] p2a: Indeedee\n|move|p1a: Primarina|Protect|p1a: Primarina\n|-singleturn|p1a: Primarina|Protect\n|move|p2b: Hatterene|Expanding Force|p1a: Primarina\n|-activate|p1a: Primarina|move: Protect\n|\n|-heal|p2b: Hatterene|39\/100|[from] Grassy Terrain\n|-heal|p2a: Indeedee|54\/100|[from] Grassy Terrain\n|-heal|p1a: Primarina|57\/100|[from] Grassy Terrain\n|upkeep\n|turn|3\n|inactive|NewBalance has 30 seconds left.\n|\n|t:|1735327870\n|switch|p2a: Crabominable|Crabominable, L50, M|100\/100\n|move|p2b: Hatterene|Dazzling Gleam|p1a: Primarina|[spread] p1a,p1b\n|-damage|p1a: Primarina|31\/100\n|-damage|p1b: Rillaboom|63\/100\n|-enditem|p1a: Primarina|Sitrus Berry|[eat]\n|-heal|p1a: Primarina|56\/100|[from] item: Sitrus Berry\n|-damage|p2b: Hatterene|29\/100|[from] item: Life Orb\n|move|p1a: Primarina|Hyper Voice|p2b: Hatterene|[spread] p2a,p2b\n|-damage|p2a: Crabominable|60\/100\n|-damage|p2b: Hatterene|0 fnt\n|faint|p2b: Hatterene\n|move|p1b: Rillaboom|U-turn|p2a: Crabominable\n|-resisted|p2a: Crabominable\n|-damage|p2a: Crabominable|46\/100\n|\n|t:|1735327881\n|switch|p1b: Volcarona|Volcarona, L50, M|48\/100|[from] U-turn\n|\n|-heal|p2a: Crabominable|52\/100|[from] Grassy Terrain\n|-heal|p1a: Primarina|62\/100|[from] Grassy Terrain\n|-heal|p1b: Volcarona|54\/100|[from] Grassy Terrain\n|upkeep\n|\n|t:|1735327886\n|switch|p2b: Ursaluna|Ursaluna, L50, F|100\/100\n|turn|4\n|\n|t:|1735327905\n|move|p2a: Crabominable|Wide Guard|p2a: Crabominable\n|-singleturn|p2a: Crabominable|Wide Guard\n|move|p1b: Volcarona|Rage Powder|p1b: Volcarona\n|-singleturn|p1b: Volcarona|move: Rage Powder\n|move|p2b: Ursaluna|Headlong Rush|p1b: Volcarona\n|-damage|p1b: Volcarona|0 fnt\n|-unboost|p2b: Ursaluna|def|1\n|-unboost|p2b: Ursaluna|spd|1\n|-damage|p2b: Ursaluna|84\/100|[from] item: Rocky Helmet|[of] p1b: Volcarona\n|faint|p1b: Volcarona\n|move|p1a: Primarina|Moonblast|p2a: Crabominable\n|-supereffective|p2a: Crabominable\n|-damage|p2a: Crabominable|0 fnt\n|faint|p2a: Crabominable\n|\n|-heal|p2b: Ursaluna|90\/100|[from] Grassy Terrain\n|-heal|p1a: Primarina|68\/100|[from] Grassy Terrain\n|-status|p2b: Ursaluna|brn|[from] item: Flame Orb\n|upkeep\n|\n|t:|1735327916\n|switch|p2a: Indeedee|Indeedee-F, L50, F|54\/100\n|switch|p1b: Rillaboom|Rillaboom, L50, F|63\/100\n|-fieldstart|move: Psychic Terrain|[from] ability: Psychic Surge|[of] p2a: Indeedee\n|-fieldstart|move: Grassy Terrain|[from] ability: Grassy Surge|[of] p1b: Rillaboom\n|turn|5\n|inactive|NewBalance has 30 seconds left.\n|inactive|NewBalance has 20 seconds left.\n|inactive|NewBalance has 15 seconds left.\n|\n|t:|1735327956\n|-terastallize|p2b: Ursaluna|Water\n|move|p1a: Primarina|Protect|p1a: Primarina\n|-singleturn|p1a: Primarina|Protect\n|move|p1b: Rillaboom|Grassy Glide|p2b: Ursaluna\n|-supereffective|p2b: Ursaluna\n|-damage|p2b: Ursaluna|0 fnt\n|faint|p2b: Ursaluna\n|move|p2a: Indeedee|Hyper Voice|p1a: Primarina|[spread] p1b\n|-activate|p1a: Primarina|move: Protect\n|-damage|p1b: Rillaboom|37\/100\n|\n|-heal|p2a: Indeedee|60\/100|[from] Grassy Terrain\n|-heal|p1a: Primarina|74\/100|[from] Grassy Terrain\n|-heal|p1b: Rillaboom|43\/100|[from] Grassy Terrain\n|-fieldend|move: Trick Room\n|upkeep\n|turn|6\n|-message|NewBalance forfeited.\n|\n|win|caZISA\n|raw|caZISA's rating: 1653 &rarr; <strong>1675<\/strong><br \/>(+22 for winning)\n|raw|NewBalance's rating: 1686 &rarr; <strong>1664<\/strong><br \/>(-22 for losing)\n|l|\u2606NewBalance\n|player|p2|\n|l|\u2606caZISA\n|player|p1|\n","uploadtime":1735328155,"views":15,"formatid":"gen9vgc2024regh","rating":1664,"private":0,"password":null}