{"id":"gen9vgc2024regh-2270538676","format":"[Gen 9] VGC 2024 Reg H","players":["Luca8","NewBalance"],"log":"|j|\u2606Luca8\n|j|\u2606NewBalance\n|t:|1735322890\n|gametype|doubles\n|player|p1|Luca8|flint|1744\n|player|p2|NewBalance|265|1642\n|teamsize|p1|6\n|teamsize|p2|6\n|gen|9\n|tier|[Gen 9] VGC 2024 Reg H\n|rated|\n|rule|Species Clause: Limit one of each Pok\u00e9mon\n|rule|Item Clause: Limit 1 of each item\n|clearpoke\n|poke|p1|Archaludon, L50, F|\n|poke|p1|Sneasler, L50, F|\n|poke|p1|Indeedee, L50, M|\n|poke|p1|Murkrow, L50, M|\n|poke|p1|Torkoal, L50, M|\n|poke|p1|Ursaluna-Bloodmoon, L50, M|\n|poke|p2|Weezing, L50, F|\n|poke|p2|Toedscruel, L50, F|\n|poke|p2|Incineroar, L50, M|\n|poke|p2|Dragapult, L50, M|\n|poke|p2|Palafin, L50, M|\n|poke|p2|Kilowattrel, L50, F|\n|teampreview|4\n|inactive|Battle timer is ON: inactive players will automatically lose when time's up. (requested by NewBalance)\nNewBalance has agreed to open team sheets.\n|inactive|Luca8 has 60 seconds left.\n|\n|t:|1735322937\n|start\n|switch|p1a: Murkrow|Murkrow, L50, M|100\/100\n|switch|p1b: Indeedee|Indeedee, L50, M|100\/100\n|switch|p2a: Weezing|Weezing, L50, F|100\/100\n|switch|p2b: Dragapult|Dragapult, L50, M|100\/100\n|-ability|p2a: Weezing|Neutralizing Gas\n|turn|1\n|inactive|NewBalance has 30 seconds left.\n|inactive|NewBalance has 20 seconds left.\n|inactive|NewBalance has 15 seconds left.\n|inactive|NewBalance has 10 seconds left.\n|\n|t:|1735322983\n|move|p2b: Dragapult|U-turn|p1b: Indeedee\n|-supereffective|p1b: Indeedee\n|-damage|p1b: Indeedee|0 fnt\n|faint|p1b: Indeedee\n|\n|t:|1735322988\n|switch|p2b: Incineroar|Incineroar, L50, M|100\/100|[from] U-turn\n|-ability|p2b: Incineroar|Intimidate|boost\n|-unboost|p1a: Murkrow|atk|1\n|move|p1a: Murkrow|Tailwind|p1a: Murkrow\n|-sidestart|p1: Luca8|move: Tailwind\n|move|p2a: Weezing|Will-O-Wisp|p1a: Murkrow\n|-status|p1a: Murkrow|brn\n|\n|-damage|p1a: Murkrow|95\/100 brn|[from] brn\n|upkeep\n|\n|t:|1735323002\n|switch|p1b: Archaludon|Archaludon, L50, F|100\/100\n|turn|2\n|\n|t:|1735323008\n|move|p2b: Incineroar|Fake Out|p1b: Archaludon\n|-resisted|p1b: Archaludon\n|-damage|p1b: Archaludon|96\/100\n|move|p1a: Murkrow|Foul Play|p2a: Weezing\n|-damage|p2a: Weezing|88\/100\n|cant|p1b: Archaludon|flinch\n|move|p2a: Weezing|Gunk Shot|p1a: Murkrow|[miss]\n|-miss|p2a: Weezing|p1a: Murkrow\n|\n|-damage|p1a: Murkrow|89\/100 brn|[from] brn\n|upkeep\n|turn|3\n|\n|t:|1735323024\n|move|p2a: Weezing|Protect|p2a: Weezing\n|-singleturn|p2a: Weezing|Protect\n|move|p1a: Murkrow|Foul Play|p2a: Weezing\n|-activate|p2a: Weezing|move: Protect\n|move|p1b: Archaludon|Electro Shot||[still]\n|-prepare|p1b: Archaludon|Electro Shot\n|-boost|p1b: Archaludon|spa|1\n|-enditem|p1b: Archaludon|Power Herb\n|-anim|p1b: Archaludon|Electro Shot|p2a: Weezing\n|-activate|p2a: Weezing|move: Protect\n|move|p2b: Incineroar|Parting Shot|p1b: Archaludon\n|-unboost|p1b: Archaludon|atk|1\n|-unboost|p1b: Archaludon|spa|1\n|\n|t:|1735323039\n|switch|p2b: Toedscruel|Toedscruel, L50, F|100\/100|[from] Parting Shot\n|\n|-damage|p1a: Murkrow|83\/100 brn|[from] brn\n|upkeep\n|turn|4\n|\n|t:|1735323059\n|-end|p2a: Weezing|ability: Neutralizing Gas\n|switch|p2a: Incineroar|Incineroar, L50, M|100\/100\n|-ability|p2a: Incineroar|Intimidate|boost\n|-unboost|p1a: Murkrow|atk|1\n|-unboost|p1b: Archaludon|atk|1\n|move|p1a: Murkrow|Rain Dance|p1a: Murkrow\n|-weather|RainDance\n|move|p1b: Archaludon|Electro Shot||[still]\n|-prepare|p1b: Archaludon|Electro Shot\n|-boost|p1b: Archaludon|spa|1\n|-anim|p1b: Archaludon|Electro Shot|p2a: Incineroar\n|-damage|p2a: Incineroar|43\/100\n|move|p2b: Toedscruel|Spore|p1b: Archaludon\n|-status|p1b: Archaludon|slp|[from] move: Spore\n|\n|-weather|RainDance|[upkeep]\n|-damage|p1a: Murkrow|77\/100 brn|[from] brn\n|-sideend|p1: Luca8|move: Tailwind\n|upkeep\n|turn|5\n|inactive|Luca8 has 30 seconds left.\n|\n|t:|1735323085\n|-terastallize|p1b: Archaludon|Flying\n|move|p2b: Toedscruel|Earth Power|p1b: Archaludon\n|-immune|p1b: Archaludon\n|move|p2a: Incineroar|Parting Shot|p1b: Archaludon\n|-unboost|p1b: Archaludon|atk|1\n|-unboost|p1b: Archaludon|spa|1\n|\n|t:|1735323094\n|switch|p2a: Weezing|Weezing, L50, F|88\/100|[from] Parting Shot\n|-ability|p2a: Weezing|Neutralizing Gas\n|move|p1a: Murkrow|Foul Play|p2a: Weezing\n|-damage|p2a: Weezing|75\/100\n|cant|p1b: Archaludon|slp\n|\n|-weather|RainDance|[upkeep]\n|-damage|p1a: Murkrow|71\/100 brn|[from] brn\n|upkeep\n|turn|6\n|\n|t:|1735323116\n|move|p2b: Toedscruel|Energy Ball|p1b: Archaludon\n|-resisted|p1b: Archaludon\n|-damage|p1b: Archaludon|75\/100 slp\n|-damage|p2b: Toedscruel|91\/100|[from] item: Life Orb\n|move|p1a: Murkrow|Tailwind|p1a: Murkrow\n|-sidestart|p1: Luca8|move: Tailwind\n|-curestatus|p1b: Archaludon|slp|[msg]\n|move|p1b: Archaludon|Electro Shot||[still]\n|-prepare|p1b: Archaludon|Electro Shot\n|-boost|p1b: Archaludon|spa|1\n|-anim|p1b: Archaludon|Electro Shot|p2a: Weezing\n|-damage|p2a: Weezing|11\/100\n|-enditem|p2a: Weezing|Sitrus Berry|[eat]\n|-heal|p2a: Weezing|36\/100|[from] item: Sitrus Berry\n|move|p2a: Weezing|Taunt|p1a: Murkrow\n|-start|p1a: Murkrow|move: Taunt\n|\n|-weather|RainDance|[upkeep]\n|-damage|p1a: Murkrow|65\/100 brn|[from] brn\n|upkeep\n|turn|7\n|inactive|Luca8 has 30 seconds left.\n|inactive|NewBalance has 30 seconds left.\n|\n|t:|1735323145\n|move|p2a: Weezing|Protect|p2a: Weezing\n|-singleturn|p2a: Weezing|Protect\n|move|p1a: Murkrow|Foul Play|p2b: Toedscruel\n|-crit|p2b: Toedscruel\n|-damage|p2b: Toedscruel|70\/100\n|move|p1b: Archaludon|Dragon Pulse|p2b: Toedscruel\n|-damage|p2b: Toedscruel|19\/100\n|move|p2b: Toedscruel|Spore|p1b: Archaludon\n|-status|p1b: Archaludon|slp|[from] move: Spore\n|\n|-weather|RainDance|[upkeep]\n|-damage|p1a: Murkrow|59\/100 brn|[from] brn\n|upkeep\n|turn|8\n|inactive|Luca8 has 30 seconds left.\n|inactive|Luca8 has 20 seconds left.\n|\n|t:|1735323180\n|move|p1a: Murkrow|Foul Play|p2b: Toedscruel\n|-damage|p2b: Toedscruel|6\/100\n|cant|p1b: Archaludon|slp\n|move|p2b: Toedscruel|Energy Ball|p1b: Archaludon\n|-resisted|p1b: Archaludon\n|-damage|p1b: Archaludon|54\/100 slp\n|-damage|p2b: Toedscruel|0 fnt|[from] item: Life Orb\n|faint|p2b: Toedscruel\n|move|p2a: Weezing|Gunk Shot|p1b: Archaludon\n|-damage|p1b: Archaludon|27\/100 slp\n|\n|-weather|none\n|-damage|p1a: Murkrow|53\/100 brn|[from] brn\n|upkeep\n|\n|t:|1735323196\n|switch|p2b: Incineroar|Incineroar, L50, M|43\/100\n|-ability|p2b: Incineroar|Intimidate|boost\n|-unboost|p1a: Murkrow|atk|1\n|-unboost|p1b: Archaludon|atk|1\n|turn|9\n|\n|t:|1735323215\n|move|p2b: Incineroar|Fake Out|p1b: Archaludon\n|-damage|p1b: Archaludon|18\/100 slp\n|move|p1a: Murkrow|Foul Play|p2a: Weezing\n|-damage|p2a: Weezing|25\/100\n|-curestatus|p1b: Archaludon|slp|[msg]\n|cant|p1b: Archaludon|flinch\n|move|p2a: Weezing|Gunk Shot|p1b: Archaludon\n|-damage|p1b: Archaludon|0 fnt\n|faint|p1b: Archaludon\n|\n|-damage|p1a: Murkrow|47\/100 brn|[from] brn\n|-end|p1a: Murkrow|move: Taunt\n|-sideend|p1: Luca8|move: Tailwind\n|upkeep\n|\n|t:|1735323233\n|switch|p1b: Sneasler|Sneasler, L50, F|100\/100\n|turn|10\n|inactive|NewBalance has 30 seconds left.\n|\n|t:|1735323265\n|move|p1b: Sneasler|Rock Slide|p2a: Weezing|[spread] p2b\n|-miss|p1b: Sneasler|p2a: Weezing\n|-supereffective|p2b: Incineroar\n|-damage|p2b: Incineroar|0 fnt\n|faint|p2b: Incineroar\n|move|p1a: Murkrow|Tailwind|p1a: Murkrow\n|-sidestart|p1: Luca8|move: Tailwind\n|move|p2a: Weezing|Will-O-Wisp|p1b: Sneasler\n|-status|p1b: Sneasler|brn\n|\n|-damage|p1b: Sneasler|94\/100 brn|[from] brn\n|-damage|p1a: Murkrow|41\/100 brn|[from] brn\n|upkeep\n|\n|t:|1735323276\n|switch|p2b: Dragapult|Dragapult, L50, M|100\/100\n|turn|11\n|\n|t:|1735323288\n|-terastallize|p2b: Dragapult|Dragon\n|move|p1b: Sneasler|Dire Claw|p2b: Dragapult\n|-damage|p2b: Dragapult|71\/100\n|move|p1a: Murkrow|Foul Play|p2b: Dragapult\n|-crit|p2b: Dragapult\n|-damage|p2b: Dragapult|13\/100\n|move|p2b: Dragapult|Dragon Darts|p1a: Murkrow\n|-damage|p1a: Murkrow|0 fnt\n|-anim|p2b: Dragapult|Dragon Darts|p1b: Sneasler\n|-damage|p1b: Sneasler|22\/100 brn\n|faint|p1a: Murkrow\n|move|p2a: Weezing|Gunk Shot|p1b: Sneasler\n|-resisted|p1b: Sneasler\n|-damage|p1b: Sneasler|0 fnt\n|faint|p1b: Sneasler\n|\n|win|NewBalance\n|raw|Luca8's rating: 1744 &rarr; <strong>1718<\/strong><br \/>(-26 for losing)\n|raw|NewBalance's rating: 1642 &rarr; <strong>1668<\/strong><br \/>(+26 for winning)\n|l|\u2606NewBalance\n|player|p2|\n|l|\u2606Luca8\n|player|p1|\n","uploadtime":1735323497,"views":23,"formatid":"gen9vgc2024regh","rating":1668,"private":0,"password":null}