{"id":"gen9vgc2024regh-2270572589","format":"[Gen 9] VGC 2024 Reg H","players":["caZISA","Bef6"],"log":"|j|\u2606caZISA\n|j|\u2606Bef6\n|t:|1735327148\n|gametype|doubles\n|player|p1|caZISA|red|1687\n|player|p2|Bef6|lucas|1734\n|teamsize|p1|6\n|teamsize|p2|6\n|gen|9\n|tier|[Gen 9] VGC 2024 Reg H\n|rated|\n|rule|Species Clause: Limit one of each Pok\u00e9mon\n|rule|Item Clause: Limit 1 of each item\n|clearpoke\n|poke|p1|Amoonguss, L50, F|\n|poke|p1|Incineroar, L50, M|\n|poke|p1|Pelipper, L50, F|\n|poke|p1|Archaludon, L50, F|\n|poke|p1|Ursaluna, L50, F|\n|poke|p1|Gothitelle, L50, F|\n|poke|p2|Archaludon, L50, F|\n|poke|p2|Pelipper, L50, F|\n|poke|p2|Annihilape, L50, M|\n|poke|p2|Grimmsnarl, L50, M|\n|poke|p2|Sinistcha, L50|\n|poke|p2|Ursaluna, L50, F|\n|teampreview|4\n|inactive|Battle timer is ON: inactive players will automatically lose when time's up. (requested by caZISA)\n|\n|t:|1735327192\n|start\n|switch|p1a: Vanessa|Gothitelle, L50, F|100\/100\n|switch|p1b: Toad|Amoonguss, L50, F|100\/100\n|switch|p2a: Grimmsnarl|Grimmsnarl, L50, M|100\/100\n|switch|p2b: Ursaluna|Ursaluna, L50, F|100\/100\n|turn|1\n|\n|t:|1735327205\n|-terastallize|p2b: Ursaluna|Ghost\n|move|p2b: Ursaluna|Protect|p2b: Ursaluna\n|-singleturn|p2b: Ursaluna|Protect\n|move|p1a: Vanessa|Fake Out|p2a: Grimmsnarl\n|-damage|p2a: Grimmsnarl|95\/100\n|cant|p2a: Grimmsnarl|flinch\n|move|p1b: Toad|Spore|p2a: Grimmsnarl\n|-status|p2a: Grimmsnarl|slp|[from] move: Spore\n|\n|-status|p2b: Ursaluna|brn|[from] item: Flame Orb\n|upkeep\n|turn|2\n|\n|t:|1735327229\n|move|p1b: Toad|Rage Powder|p1b: Toad\n|-singleturn|p1b: Toad|move: Rage Powder\n|cant|p2a: Grimmsnarl|slp\n|move|p2b: Ursaluna|Facade|p1b: Toad\n|-damage|p1b: Toad|0 fnt\n|-damage|p2b: Ursaluna|84\/100 brn|[from] item: Rocky Helmet|[of] p1b: Toad\n|faint|p1b: Toad\n|move|p1a: Vanessa|Trick Room|p1a: Vanessa\n|-fieldstart|move: Trick Room|[of] p1a: Vanessa\n|\n|-damage|p2b: Ursaluna|78\/100 brn|[from] brn\n|upkeep\n|\n|t:|1735327234\n|switch|p1b: Freddy|Ursaluna, L50, F|100\/100\n|turn|3\n|\n|t:|1735327247\n|move|p1b: Freddy|Protect|p1b: Freddy\n|-singleturn|p1b: Freddy|Protect\n|move|p1a: Vanessa|Protect|p1a: Vanessa\n|-singleturn|p1a: Vanessa|Protect\n|cant|p2a: Grimmsnarl|slp\n|move|p2b: Ursaluna|Facade|p1a: Vanessa\n|-activate|p1a: Vanessa|move: Protect\n|\n|-damage|p2b: Ursaluna|72\/100 brn|[from] brn\n|-status|p1b: Freddy|brn|[from] item: Flame Orb\n|upkeep\n|turn|4\n|\n|t:|1735327266\n|switch|p1a: Nigel|Pelipper, L50, F|100\/100\n|-weather|RainDance|[from] ability: Drizzle|[of] p1a: Nigel\n|-terastallize|p1b: Freddy|Ghost\n|move|p2b: Ursaluna|Protect|p2b: Ursaluna\n|-singleturn|p2b: Ursaluna|Protect\n|cant|p2a: Grimmsnarl|slp\n|move|p1b: Freddy|Headlong Rush|p2b: Ursaluna\n|-activate|p2b: Ursaluna|move: Protect\n|\n|-weather|RainDance|[upkeep]\n|-damage|p1b: Freddy|95\/100 brn|[from] brn\n|-damage|p2b: Ursaluna|66\/100 brn|[from] brn\n|upkeep\n|turn|5\n|\n|t:|1735327280\n|move|p1b: Freddy|Protect|p1b: Freddy\n|-singleturn|p1b: Freddy|Protect\n|-curestatus|p2a: Grimmsnarl|slp|[msg]\n|move|p2a: Grimmsnarl|Parting Shot|p1b: Freddy\n|-activate|p1b: Freddy|move: Protect\n|move|p2b: Ursaluna|Facade|p1a: Nigel\n|-enditem|p1a: Nigel|Focus Sash\n|-damage|p1a: Nigel|1\/100\n|move|p1a: Nigel|Weather Ball|p2b: Ursaluna\n|-damage|p2b: Ursaluna|5\/100 brn\n|\n|-weather|RainDance|[upkeep]\n|-damage|p1b: Freddy|89\/100 brn|[from] brn\n|-damage|p2b: Ursaluna|0 fnt|[from] brn\n|faint|p2b: Ursaluna\n|upkeep\n|\n|t:|1735327289\n|switch|p2b: Sinistcha|Sinistcha, L50|100\/100\n|-heal|p2a: Grimmsnarl|100\/100|[from] ability: Hospitality|[of] p2b: Sinistcha\n|turn|6\n|\n|t:|1735327294\n|switch|p1a: Vanessa|Gothitelle, L50, F|100\/100\n|move|p2a: Grimmsnarl|Reflect|p2a: Grimmsnarl\n|-sidestart|p2: Bef6|Reflect\n|move|p1b: Freddy|Facade|p2a: Grimmsnarl\n|-damage|p2a: Grimmsnarl|10\/100\n|move|p2b: Sinistcha|Matcha Gotcha|p1a: Vanessa|[spread] p1b\n|-miss|p2b: Sinistcha|p1a: Vanessa\n|-damage|p1b: Freddy|66\/100 brn\n|\n|-weather|RainDance|[upkeep]\n|-damage|p1b: Freddy|60\/100 brn|[from] brn\n|-fieldend|move: Trick Room\n|upkeep\n|turn|7\n|inactive|caZISA has 30 seconds left.\n|\n|t:|1735327320\n|move|p1b: Freddy|Protect|p1b: Freddy\n|-singleturn|p1b: Freddy|Protect\n|move|p2a: Grimmsnarl|Parting Shot|p1b: Freddy\n|-activate|p1b: Freddy|move: Protect\n|move|p2b: Sinistcha|Matcha Gotcha|p1a: Vanessa|[spread] p1a\n|-activate|p1b: Freddy|move: Protect\n|-damage|p1a: Vanessa|81\/100\n|move|p1a: Vanessa|Trick Room|p1a: Vanessa\n|-fieldstart|move: Trick Room|[of] p1a: Vanessa\n|\n|-weather|RainDance|[upkeep]\n|-damage|p1b: Freddy|54\/100 brn|[from] brn\n|upkeep\n|turn|8\n|\n|t:|1735327338\n|move|p1a: Vanessa|Protect|p1a: Vanessa\n|-singleturn|p1a: Vanessa|Protect\n|move|p2a: Grimmsnarl|Parting Shot|p1b: Freddy\n|-unboost|p1b: Freddy|atk|1\n|-unboost|p1b: Freddy|spa|1\n|\n|t:|1735327342\n|switch|p2a: Archaludon|Archaludon, L50, F|100\/100|[from] Parting Shot\n|move|p1b: Freddy|Earthquake|p2b: Sinistcha|[spread] p2a,p2b\n|-activate|p1a: Vanessa|move: Protect\n|-supereffective|p2a: Archaludon\n|-resisted|p2b: Sinistcha\n|-damage|p2a: Archaludon|64\/100\n|-damage|p2b: Sinistcha|87\/100\n|-ability|p2a: Archaludon|Stamina|boost\n|-boost|p2a: Archaludon|def|1\n|move|p2b: Sinistcha|Matcha Gotcha|p1a: Vanessa|[spread] p1b\n|-activate|p1a: Vanessa|move: Protect\n|-damage|p1b: Freddy|32\/100 brn\n|-heal|p2b: Sinistcha|100\/100|[from] drain|[of] p1b: Freddy\n|\n|-weather|none\n|-damage|p1b: Freddy|26\/100 brn|[from] brn\n|upkeep\n|turn|9\n|\n|t:|1735327360\n|move|p2b: Sinistcha|Rage Powder|p2b: Sinistcha\n|-singleturn|p2b: Sinistcha|move: Rage Powder\n|move|p1b: Freddy|Headlong Rush|p2b: Sinistcha\n|-resisted|p2b: Sinistcha\n|-damage|p2b: Sinistcha|79\/100\n|-unboost|p1b: Freddy|def|1\n|-unboost|p1b: Freddy|spd|1\n|move|p2a: Archaludon|Snarl|p1a: Vanessa|[spread] p1a,p1b\n|-supereffective|p1a: Vanessa\n|-supereffective|p1b: Freddy\n|-damage|p1a: Vanessa|63\/100\n|-damage|p1b: Freddy|0 fnt\n|-unboost|p1a: Vanessa|spa|1\n|faint|p1b: Freddy\n|move|p1a: Vanessa|Trick Room|p1a: Vanessa\n|-fieldend|move: Trick Room\n|\n|upkeep\n|-message|caZISA forfeited.\n|\n|win|Bef6\n|raw|caZISA's rating: 1687 &rarr; <strong>1670<\/strong><br \/>(-17 for losing)\n|raw|Bef6's rating: 1734 &rarr; <strong>1751<\/strong><br \/>(+17 for winning)\n|l|\u2606caZISA\n|player|p1|\n|l|\u2606Bef6\n|player|p2|\n","uploadtime":1735327590,"views":30,"formatid":"gen9vgc2024regh","rating":1670,"private":0,"password":null}